2850 4884
707 467 845 563 A
958 464 962 474 .

249 661 435 741 sesenna
455 668 504 734 rei
524 663 670 754 publicae
691 665 873 736 oonditione
901 686 966 736 non
995 665 1100 736 solum
1127 663 1221 735 femie
1248 687 1305 734 ex·

247 793 429 878 pliountnr3
451 785 507 853 sed
531 785 673 853 dubitari
693 805 759 854 non
769 776 877 872 potest
885 787 964 871 quin
973 788 1215 872 optime'ossent
1229 807 1305 854 oon·

248 912 334 978 diteo
359 911 394 974 in
420 903 490 974 toto
517 907 680 974 Romanae
707 904 868 973 audentis
892 906 1019 992 ingenio
1035 911 1146 990 'atque
1163 906 1307 973 unitura.-

249 1027 330 1098 Onm
351 1019 526 1096 seeundum
547 1023 713 1092 rationem.
737 1026 904 1111 antiquam
931 1025 1007 1092 nisis
1026 1027 1134 1092 totoni
1162 1045 1198 1092 se
1224 1024 1307 1092 dne

248 1149 364 1215 debeat
393 1146 439 1212 rei
467 1141 635 1228 publiose}
660 1144 745 1212 ratio
771 1144 929 1212 suendis
956 1145 1063 1226 do'oet,
1092 1143 1192 1216 oivom
1220 1165 1241 1210 e
1266 1162 1305 1210 rs

246 1265 375 1351 publice
395 1264 480 1330 vitae
500 1263 694 1346 praesidium
716 1267 751 1328 et
771 1264 1037 1331 sustentationem
1048 1258 1179 1347 postero
1199 1284 1302 1348 posse.

252 1372 256 1378 ’
302 1375 480 1450 ¹Priuotuo
520 1381 647 1466 quidem
688 1379 873 1465 largitiones
910 1403 976 1450 non
1010 1383 1101 1449 ill's'm
1139 1381 1306 1450 hubebdnt

246 1505 326 1586 tim3
347 1502 513 1568 institutae
536 1506 613 1567 sunt
635 1521 656 1567 n
676 1501 810 1584 privetis
831 1503 1030 1570 annositatis
1050 1521 1129 1569 suae
1156 1501 1316 1586 pnblioee'

247 1623 411 1708 eugendte
442 1639 570 1702 sousse,
604 1637 668 1704 que
696 1620 738 1686 ud
768 1619 894 1687 divitius
922 1621 1303 1707 recuperandes'ungen·

246 1735 559 1830 desqueuteb'uotur.
582 1740 727 1824 Apparet
746 1759 821 1805 vero
842 1745 877 1804 et
895 1739 1079 1822 lmuitiones
1099 1745 1133 1807 et
1153 1742 1303 1807 immuni-

245 1850 330 1930 tates
349 1859 481 1928 maximi
499 1855 598 1926 inisse
619 1858 775 1925 momenti
794 1858 830 1922 in
848 1859 1034 1932 oooonomie
1053 1841 1214 1943 Romans,
1243 1881 1303 1928 neo

245 1995 311 2049 non
332 1971 471 2048 multum
494 1977 665 2044 contulisse
685 1976 730 2043 ed
748 1975 966 2063 productionis
987 1982 1021 2043 ot
1039 1977 1218 2048 industriae
1236 1984 1302 2050 vim

246 2091 434 2180 delendum,
466 2097 616 2182 qnoniam
641 2093 773 2179 civium,
804 2097 1007 2164 immunitate
1026 2102 1060 2163 et
1080 2098 1302 2183 largitionibus

244 2209 437 2300 mumdum,
468 2217 553 2282 vites
573 2235 614 2282 en
634 2217 713 2284 oo‘eli
734 2221 853 2282 nature
870 2215 959 2291 ieoili
976 2217 1085 2283 nullus
1106 2217 1303 2289 efferebatur

244 2332 599 2404 stimules-intlnstrine.
631 2375 635 2380 -

247 2479 250 2486 ·
330 2457 420 2537 Quae
441 2461 493 2522 'res
506 2457 655 2522 internae
678 2475 719 2522 ex
738 2456 843 2521 altera
864 2461 957 2539 perte
970 2456 1100 2522 maximi
1121 2463 1216 2524 erent
1232 2479 1301 2528 mo*

245 2576 345 2642 menti
368 2567 405 2640 in
441 2574 662 2641 constituenda
689 2574 736 2639 roi
763 2574 910 2658 publicae
946 2581 1080 2642 externe
1110 2577 1298 2647 conditione.

245 2695 414 2788 &reorum
429 2693 601 2766 industrie
627 2699 660 2761 et
686 2694 870 2759 oeoonomiu
893 2692 977 2778 ipsis
1011 2695 1132 2761 oiribns
1148 2695 1300 2780 spatium

245 2819 279 2882 et
306 2813 528 2899 opportunitas
556 2811 595 2877 fit
631 2833 739 2878 rerum
776 2811 915 2876 civilium
952 2817 986 2878 et
1022 2811 1209 2880 belliournm
1247 2835 1300 2902 gs·

243 2933 433 3014 renderum3
473 2931 617 2997 homines
651 2931 758 2996 minos
786 2931 949 3017 penmiosi
983 2937 1017 2998 et
1052 2934 1216 3016 proletarii
1245 2937 1300 3019 qni

244 3041 406 3120 servorum
425 3043 583 3116 industrie
601 3053 666 3115 nois
681 3046 855 3115 'sinentem
867 3050 963 3117 rebus
975 3051 1062 3134 ipsis
1082 3051 1124 3117 ed
1144 3051 1224 3118 belli
1244 3075 1300 3121 ne·

243 3173 331 3260 gotis
351 3169 563 3236 sddnonntnr.
604 3167 660 3234 nio
680 3165 752 3233 fieri
769 3165 836 3234 non
857 3169 1062 3254 potnit'qnin
1082 3169 1300 3240 Romanorum

243 3291 406 3376 ingenium
425 3288 564 3354 militare
593 3285 800 3353 excoleretur.
840 3289 958 3373 ltaque
984 3294 1113 3357 exterae
1134 3297 1244 3376 gentes
1263 3292 1298 3358 in

243 3406 640 3491 Romanorum-ponticam
662 3411 855 3490 potestatem
876 3394 1025 3474 videntur
1043 3409 1209 3491 rodeotse3
1237 3411 1299 3479 Re

243 3529 331 3623 mani
352 3529 387 3594 in
408 3531 591 3594 externrum
612 3526 755 3610 gentium
775 3527 929 3593 ditionem
953 3528 1198 3594 oeconomicum.

328 3616 464 3714 Rommi
493 3643 597 3712 aliena
622 3645 832 3729 productione
851 3651 885 3712 et
910 3645 1068 3712 industria
1094 3646 1182 3724 uario
1203 3648 1298 3717 modo

243 3769 293 3834 usi
323 3772 407 3832 sunt.
466 3766 532 3830 Aut
570 3765 715 3832 hostibus
745 3767 779 3830 in
804 3764 1035 3832 servitudinem
1062 3740 1201 3832 reddetis
1228 3768 1298 3851 ipsu

242 3887 432 3988 fruebantur
462 3884 599 3958 nationis
626 3883 758 3970 alienae·
778 3883 935 3950 industrie
961 3885 1143 3968 viribusque
1171 3889 1229 3990 ant
1249 3887 1298 3951 rei

242 4005 389 4090 publicae
411 4026 486 4090 opes
515 4002 682 4070 tributise
712 4002 882 4109 provinciis
914 4004 1050 4070 redactis
1078 4004 1295 4090 augebuntun
