2850 4884
241 1525 419 1599 Hodiernus
440 1546 492 1590 res
513 1526 731 1592 oeconomicus
749 1532 787 1592 et
809 1545 890 1610 qnae
912 1528 950 1592 iis
971 1528 1081 1595 insunt
1100 1529 1217 1613 princi-

154 1647 210 1730 pia
232 1667 297 1712 non
319 1645 380 1710 nisi
402 1667 442 1710 ex
470 1645 508 1709 iis
526 1666 608 1727 quoe
635 1645 769 1711 fuerunt
790 1645 941 1714 historico
959 1649 1213 1733 contemplandis

152 1765 240 1832 recto
261 1785 298 1830 ac
326 1764 425 1848 probe
452 1764 573 1848 percipi
597 1763 734 1847 inteiligi
753 1767 856 1831 excoli
877 1787 951 1831 cum
978 1787 1215 1852 cognoscamus,

154 1885 255 1970 magis
277 1885 441 1969 magisque
462 1905 500 1950 co
523 1884 670 1949 ducimur
695 1873 737 1950 'ut
765 1887 1014 1968 praeteritorum
1033 1893 1216 1972 temporum

152 2004 369 2072 oeconomiam
406 2003 570 2090 poiiticam
606 2009 852 2087 perscrutemur.
907 2007 1052 2086 Quorum
1084 2007 1215 2090 quidem

151 2123 282 2188 maximi
299 2124 453 2188 momenti
474 2127 550 2188 sunt
565 2123 780 2189 Romanorum
802 2143 854 2188 res
875 2125 1113 2207 oeconomicus,
1135 2145 1213 2210 quo·

149 2244 237 2308 niam
268 2246 340 2326 jure
377 2241 459 2307 civili
494 2243 638 2308 Romano
672 2248 801 2327 recepto
831 2250 961 2310 nostrae
994 2246 1212 2312 institutiones

149 2363 251 2430 multo
279 2363 373 2429 modo
404 2367 439 2427 et
465 2362 552 2428 haud
579 2383 656 2429 raro
686 2355 778 2428 entra
805 2363 937 2431 modum
966 2363 1115 2449 perfusae
1136 2358 1211 2431 sunt

149 2485 366 2550 Romanorum
389 2482 567 2547 rationibus
588 2482 915 2567 institutionibusquc,

184 2624 186 2629 ·
235 2603 305 2668 Viri
326 2581 658 2682 clarissimi'Gibbon,
678 2599 856 2684 Mengotti,
886 2603 1017 2668 Dureau
1038 2603 1080 2668 de
1101 2601 1209 2682 Mallo,

147 2720 342 2802 Mommsen,
357 2719 701 2805 Becker-marquardi,
725 2721 839 2804 Kuhn,
860 2723 983 2806 aliiqui
993 2723 1209 2794 Romanorum

146 2843 243 2910 rebus
271 2842 479 2908 ooconomicis
509 2842 733 2925 perquirendis
760 2863 891 2926 operam
927 2841 1106 2924 dederunt,
1142 2843 1208 2910 iam

146 2964 194 3030 ita
215 2983 269 3029 eas
300 2967 376 3027 ante
397 2961 504 3028 oculos
524 2967 657 3029 ¹nostros
678 2967 872 3044 posuerunt,
905 2967 944 3028 ut
972 2961 1118 3046 quamvis
1146 2960 1206 3026 im·

147 3082 324 3166 peiieotam
345 3082 379 3146 in
401 3081 533 3164 singulis
554 3079 669 3162 rebus,
698 3087 809 3148 tamen
828 3086 1012 3165 promptam
1032 3086 1067 3146 ct
1085 3080 1206 3165 perspi·

145 3224 238 3270 cuam
273 3205 307 3267 in
332 3205 513 3270 universum
547 3209 716 3270 teneamus
750 3205 966 3270 Romrtnorum
1000 3203 1204 3269 oeconomiae

145 3325 320 3391 scientiam.
382 3322 462 3388 Inde
489 3325 704 3406 cognoscitur,
740 3323 957 3390 Romanorum
985 3325 1203 3389 oeconomiam

145 3445 186 3510 ad
212 3445 372 3510 culturam
395 3463 553 3508 summum
575 3449 608 3508 et
630 3443 769 3508 maxime
788 3443 984 3528 singularem
1000 3463 1039 3508 co
1059 3447 1204 3526 temporo

145 3563 342 3648 pervenisse,
372 3584 436 3647 quo
464 3561 601 3648 populus
629 3564 793 3629 Romanus
822 3584 887 3629 non
915 3564 1019 3629 solum
1047 3561 1144 3646 gladii
1170 3566 1205 3628 ct

142 3681 222 3766 juris
243 3683 375 3766 imperio
397 3681 482 3750 orbis
502 3687 664 3749 terrarum
686 3683 832 3749 nationes
853 3681 1001 3766 regebat,
1029 3681 1086 3746 sed
1104 3680 1203 3746 ctiam

143 3802 233 3886 vigor
254 3803 322 3885 ojus
350 3801 570 3868 oeconomicus
592 3799 808 3885 subjectarum
838 3801 874 3866 in
898 3800 1042 3884 gentium
1069 3819 1203 3867 oeconoe
1253 3894 1255 3897 ι

144 3921 209 3987 mia
230 3925 263 3987 et
275 3917 444 3986 industria
465 3921 587 4006 positus
610 3921 697 4003 erat3
720 3942 784 4004 quo
806 3942 872 3986 non
890 3919 925 3985 in
947 3919 1078 3985 militari
1099 3919 1203 3986 solnm

144 4039 201 4106 sed
222 4041 256 4106 in
277 4041 478 4108 oeconomica
506 4041 604 4107 etiam
632 4039 753 4108 ditione
778 4039 889 4126 populi
910 4039 1046 4106 Romani
1073 4042 1202 4105 exterae
