2850 4884
596 457 734 556 „m—

135 660 338 732 oeconomiae
361 655 508 745 politicae
525 657 571 744 (J.
591 655 628 726 B.
650 657 733 744 Sey,
755 654 967 726 catechismo·
980 656 1022 725 tle
1048 653 1193 727 l’licono

134 781 200 850 mie
218 779 387 866 politione)
405 781 607 848 concinnaret
627 783 725 862 atque
745 779 779 845 id
798 775 968 862 perliceret
983 780 1069 862 quod
1081 779 1194 849 omise-

126 907 188 971 nat
210 902 392 988 ignorantia
412 903 639 972 Romanorum.

187 1067 191 1076 ,
221 1021 333 1105 Neque
353 1015 405 1103 il,
427 1021 512 1106 quoi
533 1018 697 1090 nomem
720 1022 923 1090 oeconomiae
942 1021 1115 1090 hodiernos
1134 1024 1194 1090 im·

135 1140 264 1206 miscuit
295 1141 457 1222 notiones,
497 1161 563 1210 non
601 1141 849 1226 vituperandum
884 1145 938 1208 eat
968 1142 1055 1226 apud
1086 1139 1196 1210 Dankss

136 1258 351 1346 maritumi),
379 1260 468 1326 cuins
498 1259 580 1326 libor
606 1255 659 1326 hic
684 1259 777 1328 nobis
804 1278 883 1327 non¹
901 1259 1107 1346 attingendus
1136 1267 1196 1344 est,

137 1379 289 1464 qnoniam
303 1380 357 1447 ille
368 1381 420 1465 jus
435 1381 614 1448 &manum
627 1381 662 1448 in
679 1380 881 1449 oeconomico
896 1379 1108 1448 fundamento
1123 1369 1196 1450 con·

137 1503 262 1566 struere
284 1503 434 1580 conatur,
455 1519 514 1584 nos
537 1517 610 1567 vcro
630 1513 671 1566 en
689 1499 761 1584 ipso
780 1501 854 1584 jnre
879 1497 931 1564 -vcl
953 1498 1096 1566 lotorem
1121 1502 1198 1568 serl-

137 1616 211 1698 ptis·
222 1618 439 1686 &manorum
459 1617 617 1702 principia
645 1617 848 1686 oeconomica
867 1634 982 1684 eruero
1002 1617 1197 1686 studeamus.

215 1737 297 1806 *Nec
317 1738 423 1804 minus
444 1737 635 1822 imperfecta·
650 1736 744 1812 nobis
764 1737 891 1804 videtm
911 1737 949 1802 Β.
960 1736 998 1803 G.
1022 1737 1200 1805 Hermanni

143 1858 352 1941 ,ilhsemtio
374 1856 540 1925 exhibens·
558 1855 733 1923 sententias
751 1856 968 1924 Romanorum
979 1918 983 1922 .
994 1856 1037 1922 ad
1067 1861 1199 1926 secono

140 1978 240 2046 minna
261 1979 443 2046 universam
473 1977 540 2045 sive
572 1972 769 2045 nationalem
791 1976 998 2061 pertinentes.
1018 2002 1022 2008 ·
1041 1977 1200 2060 Erlangae

146 2095 247 2170 lens‘
257 2097 295 2185 ²).
338 2100 400 2166 Hic
415 2100 589 2184 praecipue
608 2119 626 2165 e
643 2098 824 2179 Ciceronis,
847 2097 928 2164 Livii
949 2105 983 2164 et
1002 2096 1099 2164 Plinii
1120 2099 1197 2164 scri·

140 2220 205 2304 ptis
216 2219 445 2304 disquisitionis
465 2205 635 2286 materiam
657 2217 777 2298 samit3
799 2210 1007 2300 quiquidem
1028 2217 1199 2301 salptores

142 2336 228 2421 qnod
246 2337 288 2406 ad
310 2337 469 2404 scribendi
490 2342 617 2421 tempus
638 2335 757 2402 attinet
771 2354 837 2402 non
858 2334 906 2400 ita
927 2338 1003 2401 sunt
1013 2333 1141 2419 diversi,
1155 2342 1201 2405 'nt

141 2477 253 2524 eorum
279 2449 445 2542 opiniones
479 2457 628 2542 conjungi
660 2475 726 2523 non
755 2459 903 2539 possent3
940 2460 1051 2522 tamen
1087 2477 1202 2541 parum

142 2583 225 2664 apte
237 2578 329 2646 nobis
350 2579 476 2646 videtur
497 2579 701 2644 Hemonam
722 2577 826 2644 varios
845 2577 1037 2660 scriptorum
1059 2598 1202 2662 ’quorum

143 2698 278 2782 wne
302 2699 402 2765 aliam
430 2697 589 2766 scribendi
613 2696 772 2765 rationem
809 2701 938 2764 secutus
964 2703 1015 2764 est
1042 2696 1128 2765 locos
1156 2699 1203 2770 ita

144 2835 312 2885 conserere
331 2823 364 2884 et
385 2820 566 2886 consociare
588 2824 626 2885 nt
647 2817 819 2884 hodiernae
839 2817 986 2883 notiones
1007 2838 1025 2882 e
1044 2805 1203 2884 Romano·

141 2955 216 3004 rum
246 2939 431 3008 oeconomia
459 2925 618 3005 exhibeat.
663 2939 713 3003 Ex
734 2928 902 3003 sententiis
923 2935 1148 3020 philosophicis
1168 2943 1203 3004 et

144 3060 310 3129 rhetoricis
333 3059 499 3128 Ciceronis
515 3064 613 3144 atque
634 3078 652 3124 e
675 3059 756 3124 Livii
777 3063 811 3127 et
831 3057 928 3124 Plinii
948 3057 1119 3126 levioribus
1147 3079 1203 3126 an·

144 3179 362 3248 notationibus
391 3179 548 3265 principia
578 3178 780 3247 oeconomica
807 3178 956 3261 colligere
982 3178 1010 3243 si
1035 3198 1203 3263 comm,

145 3299 224 3384 quin
245 3303 303 3365 aut
322 3299 419 3384 plane
440 3298 555 3366 falsam
577 3304 635 3365 aut
660 3297 754 3364 valde
783 3296 967 3381 ambiguam
994 3297 1205 3381 cognitionem

145 3418 361 3502 acquiramus,
390 3417 461 3484 fieri
482 3439 546 3484 non
568 3422 682 3502 potest.
727 3416 804 3484 Ideo
829 3438 869 3484 en
890 3417 1069 3484 Hei-manni
1090 3416 1204 3484 disser-

146 3538 269 3605 tatione
290 3537 371 3604 nihil
403 3537 620 3622 cognoscimus
641 3537 702 3602 nisi
739 3537 870 3601 nomina
899 3531 1070 3619 pecuniae,
1100 3535 1205 3619 pretii,

183 3761 212 3830 1)
237 3758 507 3816 Nationalokoncmie
517 3757 572 3813 und
580 3757 785 3827 Jnrisprndenz.
796 3760 872 3812 1-3.
882 3758 918 3812 H.
935 3757 1059 3813 Rostock
1070 3758 1144 3813 1857.
1162 3761 1205 3814 58.

231 3843 735 3902 Nationalokouomisch-civilistische
752 3843 873 3899 Studien.
906 3842 1020 3911 Leipzig
1035 3841 1111 3897 1862.

182 3949 209 4018 2)
230 3963 256 4003 v.
275 3946 302 4001 d.
328 3943 464 4015 Oolkcen,
491 3943 562 4002 'Over
586 3947 680 4014 eenige
706 3944 979 4012 Staatshnisknndige
996 3944 1141 4012 gevcelens
1164 3919 1205 4000 ‘en

235 4031 378 4101 stellingen
394 4033 423 4088 in
440 4031 474 4086 de
492 4029 657 4101 geschritten
675 4029 724 4086 der
740 4030 831 4086 auden
849 4035 902 4084 etc.
939 4032 1014 4084 1831.
