2850 4884
622 443 760 540 *as-

157 645 283 732 peoulio
312 665 422 714 servus
450 645 620 730 paullatim
651 645 692 714 ad
726 647 833 714 uoloni
859 653 893 716 et
922 648 1035 734 glebae
1068 651 1221 737 adscripti

156 765 370 834 uenditionem
390 763 569 832 adducitur.
613 763 737 832 Deinde
766 787 841 834 vero
862 768 952 841 notio
976 769 1094 854 manlii
1120 791 1160 837 ea
1179 771 1220 843 do

154 907 267 953 mussa
287 891 338 954 est
358 885 564 971 munimime,
589 885 676 970 quod
699 887 846 970 plurima
867 893 919 956 est
938 888 985 954 illi
1007 909 1105 974 quam
1123 889 1220 958 hodia

156 1004 399 1087 „uuilaufendes
413 1003 569 1088 *Kapital“
592 1020 752 1084 uouemus.

248 1123 287 1189 ln
308 1123 431 1206 persilio
453 1142 506 1188 res
527 1142 598 1188 esse
616 1129 752 1207 possunt
777 1143 890 1198 omnes
911 1143 994 1208 quae
1014 1125 1050 1190 in
1070 1145 1106 1192 re
1126 1124 1219 1195 fami·

160 1241 249 1323 liari;
270 1246 303 1307 et
324 1243 410 1310 solas
426 1246 459 1308 et
475 1240 625 1308 mobiles:
647 1243 808 1325 peculium
830 1243 975 1310 musistit
988 1265 1028 1310 ex
1048 1263 1089 1312 eo
1110 1246 1218 1330 „quod

157 1359 355 1444 parsimonia
376 1381 434 1428 sua
456 1359 526 1444 quis
549 1360 715 1443 parauil“;
744 1365 879 1444 paratur
906 1361 1068 1445 pendium
1097 1363 1220 1431 utalia

156 1480 242 1550 bona
261 1480 520 1574 oeoonomioa-eo
541 1478 763 1564 producantur
772 1477 826 1566 ¹⁹).
858 1479 929 1562 Sis,
949 1484 988 1548 ut
1008 1481 1144 1549 Romani
1162 1502 1219 1566 ps·

160 1599 290 1682 nulium,
312 1600 379 1668 lere
400 1599 495 1668 hodie
514 1619 632 1666 nomen
655 1599 825 1684 „Kapital“
845 1597 1044 1668 definiamus.

249 1719 332 1788 Sans
358 1717 474 1803 perusiii
493 1716 653 1784 institutio
682 1717 821 1783 multum
859 1719 968 1785 sumt
1005 1719 1048 1787 ad
1083 1734 1217 1790 ossono-

24 1902 28 1908 ,
159 1835 259 1902 miam
288 1836 466 1903 Romanam
485 1841 614 1902 nostrae
635 1835 773 1922 similem
800 1834 1016 1918 efficiendam
1047 1857 1124 1902 nam
1151 1858 1217 1904 non

154 1955 218 2024 nisi
238 1957 363 2042 paculio
391 1956 462 2024 fieri
490 1957 614 2042 potuit,
641 1963 679 2024 ut
707 1956 830 2024 familia
857 1957 1057 2041 pecuniaque
1085 1956 1216 2044 (Oileu-

155 2077 338 2162 vermiigen)
359 2077 394 2143 in
415 2076 563 2160 publicae
584 2077 787 2144 oeconomias
808 2075 964 2144 &culum
985 2077 1132 2144 intraret.

246 2198 295 2263 De
327 2200 453 2277 „sorte⁴‘
490 2195 567 2279 quid
596 2196 734 2262 Romani
759 2197 937 2277 senserint,
976 2218 1017 2263 ex
1044 2198 1108 2264 illis
1133 2217 1217 2280 quae

153 2309 251 2400 supra
282 2313 323 2379 de
352 2313 505 2398 pecuniae
535 2313 664 2380 nomine
693 2314 860 2380 attulimus
882 2291 986 2380 'faede
1015 2314 1215 2398 intelligitur.

155 2437 299 2519 Apparet
320 2437 354 2498 et
374 2454 395 2498 a
415 2432 570 2499 ¹osenonioa
592 2433 643 2498 vel
664 2433 763 2498 medii
784 2433 854 2498 aevi
875 2438 909 2498 et
923 2432 963 2499 ab
978 2432 1133 2499 hodierna
1148 2432 1215 2519 opi-

155 2553 251 2621 nione
269 2551 408 2620 ahenam
430 2571 499 2616 esse
520 2571 617 2634 quam
638 2551 725 2634 opud
753 2572 808 2617 ees
836 2551 1015 2619 invenimus
1036 2552 1131 2618 sortis
1159 2574 1216 2619 no

155 2673 288 2740 tionem.
343 2669 423 2736 Cum
452 2670 580 2753 quidem
608 2670 754 2736 doctores
783 2670 928 2738 canonici
956 2672 990 2736 in
1021 2676 1107 2738 sorte
1136 2671 1217 2739 nihil

156 2792 219 2860 nisi
240 2811 387 2858 nummos
411 2789 496 2874 ipsos
517 2795 681 2858 mutuatos
701 2795 866 2874 spectent,
892 2791 1068 2858 industriae
1090 2797 1124 2858 et
1143 2812 1217 2876 pro·

153 2911 313 2980 ductionis
350 2911 382 2976 vi
411 2910 505 2994 plane
534 2910 669 2991 omissa3
700 2931 774 2975 eum
802 2931 861 2978 nos
893 2912 1038 2997 quidem,
1076 2933 1142 2978 non
1176 2912 1216 2979 de

157 3032 298 3100 nummis
320 3030 376 3096 sed
397 3028 438 3094 de
459 3028 567 3094 valore
589 3030 742 3114 pecuniae
763 3030 797 3095 in
822 3030 1007 3096 universum
1028 3037 1217 3114 quaerentes

158 3151 253 3217 sortis
291 3149 355 3214 vim
395 3146 584 3230 frugiferam
614 3169 856 3230 cognoscamus,
893 3149 1039 3216 Romani·
1062 3124 1216 3234 pecuniae

154 3269 257 3336 solam
276 3268 341 3332 sim
362 3266 395 3331 in
417 3270 503 3332 sorte
524 3269 678 3348 spectant.
723 3267 809 3347 Quid
837 3287 912 3333 vero
941 3268 982 3336 de
1010 3270 1164 3353 pecuniae
1185 3272 1216 3336 vi

154 3387 312 3454 senserint
332 3403 430 3469 supra
450 3384 528 3450 satis
549 3384 803 3450 demonstratum
826 3390 884 3451 eat.

240 3507 372 3589 Itaque,
403 3525 476 3571 oum
504 3523 569 3571 non
597 3525 805 3572 nummorum
836 3502 971 3572 acervus
995 3505 1052 3572 sed
1080 3506 1216 3590 pecunia

155 3628 189 3692 in
210 3631 296 3693 sorte
317 3624 418 3708 adsit,
439 3623 640 3692 ususfructus
661 3625 759 3692 etiam
780 3611 946 3692 nominum
967 3627 1135 3707 statuitur3
1156 3647 1216 3693 neo

192 3824 235 3893 19)
260 3821 392 3892 Ulpianus
416 3823 482 3878 Μ
506 3823 530 3893 S.
547 3825 565 3878 4
582 3823 643 3892 Dig.
669 3823 702 3878 de
727 3839 786 3894 pes.
815 3826 857 3894 15,
883 3826 907 3878 1.
940 3823 1114 3878 morestinus
1130 3826 1163 3880 Ι..
1181 3826 1216 3879 39

261 3908 321 3976 Dig.
339 3905 405 3964 eod.
421 3907 576 3966 Maurus
594 3912 625 3968 Ι..
644 3912 679 3968 40
699 3911 758 3980 pig.
776 3910 839 3968 eod.
863 3906 958 3966 Celsum
975 3910 1007 3966 Ι..
1026 3911 1061 3966 37
1074 3911 1104 3980 S.
1125 3909 1214 3978 loig.

261 3991 535 4064 mmmm&
