2850 4884
594 496 731 588 Α

133 696 302 773 materiam
329 694 387 760 sed
414 693 582 779 pecuniam
608 695 643 760 in
674 695 770 763 rebus
800 695 1004 782 spectant¹')
1035 735 1075 746 -
1105 699 1193 765 haud

134 815 220 883 idem
232 811 566 898 -fceiuncposuerioce
587 814 742 899 temporis
760 815 906 884 doctores
928 818 979 884 vel
994 807 1089 902 leges,
1109 837 1193 902 quse

133 923 176 1003 ud
207 934 392 1002 cenericum
422 932 579 1002 rationem
605 933 706 1017 megis
734 935 907 1019 inclinant3
936 936 985 1003 illi
1022 937 1061 1003 de
1086 937 1190 1021 pretio

135 1053 358 1123 constituendo
388 1057 492 1119 certes
518 1052 646 1137 regulas
675 1052 830 1137 offerunt,
867 1077 895 1122 e.
922 1079 952 1142 g.
983 1053 1192 1124 delaecione

134 1173 258 1242 enormi
278 1177 311 1238 et
326 1172 413 1238 ultra
434 1172 601 1238 dimidium
613 1172 738 1237 —ideo
760 1173 794 1237 in
816 1173 908 1240 bonis
927 1153 1102 1242 vendendis
1124 1195 1192 1241 ma·

132 1293 235 1362 terice'
257 1291 378 1358 hubent
398 1293 555 1358 rationem
567 1289 619 1374 ¹⁴).

221 1413 259 1479 In
279 1416 391 1478 nostre
413 1409 611 1493 oeconomia,
635 1431 708 1476 cum
729 1397 832 1478 libera
853 1413 896 1478 sit
917 1411 1084 1495 industria,
1106 1401 1193 1478 bons

134 1535 393 1615 circumaguntur
415 1529 596 1611 celerrime,
618 1530 773 1614 pecuniae
800 1537 1025 1614 permutentur
1044 1530 1193 1614 frequen·

133 1651 275 1736 thome,
305 1651 352 1717 ita
378 1650 412 1714 in
446 1649 670 1715 commercium
699 1648 863 1729 publicum
884 1651 969 1718 bons
988 1652 1127 1733 intrent,
1157 1656 1195 1717 ut

8 1763 11 1770 ’
136 1791 247 1842 eorum
267 1771 369 1838 virtus
398 1769 601 1837 oeconomice
626 1769 750 1852 inipso
778 1769 967 1836 commercio
985 1771 1073 1837 vario
1100 1769 1194 1838 modo

90 1949 94 1955 .
135 1891 300 1962 excolatur
330 1894 363 1956 et
392 1887 609 1973 productionis
637 1907 803 1971 processus
831 1893 907 1954 ente
931 1888 1038 1956 oculos
1069 1893 1196 1975 nostroe

136 2013 251 2108 ueniet.
296 2009 348 2077 Sic
369 2008 462 2078 nobis
474 2009 527 2074 Fit
549 1985 772 2091 opportunitas
794 2007 834 2073 de
856 2007 952 2074 variis
972 2008 1130 2076 bonorum
1150 2008 1195 2074 ci·

136 2132 224 2199 ribus
245 2128 453 2196 oeconomicis
475 2126 679 2210 disquirendi.
724 2110 898 2193 Aliter'ies
919 2147 953 2194 se
974 2128 1089 2196 hebuit
1109 2115 1197 2213 apud

136 2249 304 2318 Romanos.
357 2225 574 2313 Romanorum
608 2225 767 2312 industria
795 2267 912 2331 pentec
950 2269 1060 2314 omnes
1095 2267 1197 2331 paene

137 2389 259 2436 meroes
282 2389 355 2434 cum
375 2365 487 2434 alienis
516 2363 664 2450 gentibus
685 2385 765 2431 curo
792 2370 826 2432 et
851 2371 983 2450 argento
1013 2371 1197 2451 permutan-

139 2495 210 2571 tur3
232 2493 303 2556 tum
325 2491 489 2553 'servorum
509 2483 668 2550 industrie
690 2483 864 2552 domestica
877 2484 1036 2567 effectum,
1055 2489 1094 2551 ut
1113 2485 1199 2552 bonu

137 2629 202 2677 non
224 2605 443 2694 productionis
464 2603 520 2672 sed
540 2601 643 2671 solum
664 2606 909 2687 permutationis
923 2625 1037 2673 caussa
1057 2605 1092 2670 in
1113 2623 1197 2672 com·

136 2727 292 2796 mercium
313 2725 488 2807 intrarent3
525 2743 623 2808 quam
654 2743 724 2789 rem
753 2723 934 2792 Rodbertus
965 2725 1011 2790 sic
1038 2723 1197 2789 illustrate

140 2847 212 2931 „dic
235 2842 502 2926 Grundbesitzer,
526 2842 645 2910 welche
667 2842 768 2908 durch
789 2843 859 2909 ihre
879 2843 1013 2910 Sclaven
1041 2841 1093 2907 die
1114 2839 1197 2907 Roh·

138 2961 498 3051 produktionserbeiten
526 2962 721 3028 vornehmen
748 2960 880 3044 liessen,
909 2960 1086 3028 bewirlrten
1115 2959 1198 3026 cuch

140 3084 243 3172 gleich
265 3083 364 3150 selbst
385 3081 487 3148 druch
517 3081 635 3148 endere
657 3080 791 3148 Sclaven
816 3101 859 3146 an
886 3080 960 3147 dem
988 3079 1200 3164 Rohprodulrt

139 3205 191 3273 die
219 3200 610 3283 Fcbriketionserbeiten,
644 3203 679 3284 ja
704 3199 757 3266 bei
786 3199 973 3286 denjenigen
1002 3199 1198 3282 Produlrten‚

140 3323 192 3391 dic
214 3320 398 3403 uberhaupt
412 3340 474 3386 von
494 3319 592 3385 ihren
606 3320 640 3385 in
659 3319 722 3385 den
733 3319 861 3387 Handel
882 3317 1036 3403 gebracht
1056 3319 1198 3401 worden,

139 3443 223 3512 euch
244 3441 295 3508 die
316 3439 655 3524 'lhansporterbeitem
685 3459 723 3506 so
753 3439 829 3506 dass
857 3439 923 3506 also
953 3438 1012 3505 das
1033 3435 1200 3505 Nationul⁴

139 3561 280 3650 produlrt
309 3559 354 3628 im
383 3559 484 3627 Lause
509 3557 613 3626 seines
641 3579 764 3642 genuen
791 3556 1005 3644 produlrtiven
1033 3552 1200 3625 Processes

140 3679 275 3750 niemuls
297 3679 360 3746 den
381 3679 521 3747 Besitzer
542 3675 792 3763 wechselte“¹⁶).
815 3677 867 3746 Sic
888 3675 1104 3762 productionis
1126 3694 1199 3761 pro·

177 3918 220 3990 rs)
241 3915 342 3972 ramus
360 3911 390 3968 c.
408 3915 442 3968 22
454 3911 485 3982 c.
503 3916 520 3967 s
538 3914 598 3983 oig.
614 3879 698 3970 locati
720 3917 762 3983 re,
786 3920 812 3970 2.

181 4003 223 4072 14)
241 3999 428 4057 Diocletianus
453 4002 482 4054 et
501 3997 680 4072 himinum
693 3999 737 4064 ,Ie
754 4004 772 4055 2
789 3999 848 4057 cod
866 3998 901 4053 de
918 4013 988 4054 resc.
1013 3997 1091 4057 vend.
1109 3999 1135 4068 4,
1156 3999 1200 4054 44.

179 4088 222 4157 15)
244 4085 399 4144 Rodhertus
416 4084 435 4140 1.
456 4100 478 4139 c.
496 4083 535 4140 IV
551 4100 577 4154 p.
595 4087 652 4170 343.

931 4167 974 4236 2*
