2850 4884
703 433 842 537 „ps-

246 619 297 718 ius
316 646 372 714 illo
392 647 462 716 loeo
483 644 649 716 notissimo
668 641 844 727 multisque
869 641 1191 712 mmmsntetiombus
1210 662 1305 729 proe-

247 768 329 836 dito:
342 739 1306 850 „Eleota,“iuquit‚,meterieesteniuspublieuueperpetue

246 885 425 956 aestimatio
442 882 686 950 difficultatibus
706 880 979 966 permutationum
992 882 1188 965 mquulitute
1206 903 1309 967 quun·

246 1005 349 1072 titutis
377 1002 578 1084 subveniret“
589 1001 627 1086 ⁶).
670 1002 756 1068 Ietos
777 1021 855 1092 eum
871 1021 891 1067 e
909 999 1020 1086 legum
1039 1000 1186 1068 formulis
1206 1003 1309 1071 intro·

195 1157 197 1162 ·
247 1123 430 1190 ductionem
451 1133 666 1194 nummorum
678 1118 922 1205 cognoscerent,
942 1141 1013 1188 rem
1032 1122 1081 1188 itu
1100 1103 1309 1208 interpretari

248 1241 343 1308 fenile
370 1213 568 1325 intelligitur.
626 1239 743 1320 Qualia
768 1239 833 1306 sint
860 1259 1065 1308 nummorum
1091 1229 1259 1308 oommods
1288 1261 1310 1308 e

249 1360 379 1444 reliquis
411 1359 505 1426 Pauli
539 1357 645 1426 verbis
676 1357 844 1427 dommus:
881 1377 1003 1444 „eoque
1035 1360 1172 1449 materie
1203 1359 1310 1428 formu

249 1478 379 1566 publiea
407 1498 559 1563 pereumo
587 1498 681 1544 usum
709 1477 950 1560 dominiumque
975 1499 1042 1546 non
1067 1483 1138 1546 tem
1165 1499 1206 1546 ex
1233 1479 1309 1549 sub

249 1599 369 1666 stantis
389 1596 524 1682 praebet
535 1613 632 1681 quem
647 1617 687 1664 ex
701 1593 914 1680 quantitates
934 1596 1076 1666 Pecunia
1095 1598 1195 1684 igitur
1208 1618 1310 1682 quon·

250 1719 338 1790 titos⁴
348 1737 570 1798 nummorum3
590 1737 794 1788 nummorum
815 1720 925 1784 numm
939 1716 1069 1782 utilitas
1087 1717 1122 1782 in
1142 1717 1309 1802 perfinien-

252 1837 304 1904 dis
321 1835 611 1922 permutationibus
631 1836 784 1904 Romanis
796 1834 902 1920 posite
922 1855 990 1901 esse
1008 1834 1194 1920 videbutm3
1216 1859 1310 1906 num·

250 1956 312 2026 mis
332 1953 616 2046 intervenientibus
637 1953 832 2038 permutatio
853 1953 889 2019 in
910 1953 1009 2036 durs,
1032 1955 1148 2022 merois
1169 1960 1203 2023 et
1214 1957 1311 2041 pretii

228 2077 484 2163 ‚praestationes
519 2077 687 2158 separetur
719 2073 951 2158 obproprium
982 2072 1021 2140 fit
1052 2075 1233 2160 negotium,
1264 2069 1327 2144 ses

252 2196 404 2266 emtionis
422 2192 620 2261 venditionis.
644 2192 781 2259 Emendi
792 2198 987 2278 potestatem
999 2214 1099 2262 unam
1113 2194 1312 2281 eandemque

252 2315 394 2400 undique
415 2315 519 2382 inesse
547 2311 685 2379 nummis
713 2311 759 2378 eit
781 2311 924 2397 Gaium).
967 2311 1110 2382 Pecunia
1135 2313 1246 2398 igitur·
1262 2314 1310 2381 in·

254 2439 467 2504 strumentum
497 2432 771 2517 permutationum
792 2430 956 2516 publionm
985 2436 1019 2499 et
1046 2433 1210 2517 gemel-olm
1238 2434 1311 2502 ideo

254 2553 429 2629 eommunis
450 2552 604 2618 mercium
627 2571 795 2618 mensumn:
823 2571 883 2617 ueo
902 2550 938 2616 in
962 2550 1032 2618 foro
1052 2552 1116 2647 eliu
1136 2574 1235 2638 quam
1254 2573 1310 2638 pe·

254 2671 368 2740 eunies
397 2690 550 2744 mensure
576 2671 677 2755 euripi
705 2667 854 2754 potest⁷).
898 2670 951 2736 Ite
978 2671 1115 2754 pecunie
1142 2673 1312 2757 singularis

226 2789 411 2878 'quaedem
428 2811 535 2872 merx,
566 2789 622 2858 sed
648 2789 720 2856 aliis
748 2787 908 2856 mercibus
931 2787 967 2854 iu
996 2809 1035 2856 eo
1061 2792 1204 2878 aequetis
1225 2791 1312 2876 quod

253 2912 343 2980 veris
363 2916 439 2980 sunt
459 2909 612 2994 pecuniae
633 2907 740 2993 pretia
755 2927 815 2991 per
835 2907 976 2991 singulus
997 2909 1141 2978 civitates
1161 2911 1312 2980 et-veriis

254 3029 451 3126 temporibus
459 3027 497 3111 ⁸).
541 3026 614 3092 Non
650 3031 817 3112 tamquam
847 3026 1001 3095 doctores
1034 3029 1178 3100 eanonioi
1207 3031 1312 3100 solum

257 3149 418 3235 ‚peiorem
442 3147 675 3216 annosorum
698 3145 733 3214 iu
754 3145 1038 3230 pecuniuliomsui
1057 3153 1223 3234 spectrum
1243 3170 1310 3222 uon

272 3404 316 3471 vt)
332 3401 433 3458 Paulus
449 3402 482 3456 L
501 3403 526 3456 1.
543 3401 604 3470 Dig.
622 3399 657 3456 de
674 3405 842 3457 contnemt.
859 3402 902 3472 18,
919 3404 957 3458 1..
979 3402 1102 3474 Optimus
1123 3404 1154 3462 in
1174 3404 1249 3462 huno
1269 3406 1311 3463 ιο.

340 3501 401 3544 eum
420 3486 628 3544 commentitius
645 3485 719 3556 opud
734 3487 765 3545 P.
779 3487 862 3556 Neri,
886 3487 1074 3550 Osserrmioui
1091 3503 1174 3560 sopra
1195 3490 1216 3546 il
1232 3505 1310 3562 prag.

339 3571 494 3729 ξίοῧὲὲςὲΐ
512 3569 583 3698 delle
600 3575 718 3672 monete.
752 3572 885 3628 Ruooolte
901 3571 1023 3627 Custodi.
1058 3573 1140 3666 Parte
1157 3576 1247 3674 audon
1263 3575 1311 3645 VI,

290 3764 316 3832 6)
338 3761 370 3816 L.
390 3763 403 3814 1
423 3761 448 3830 ς.
468 3762 492 3827 1,
509 3752 560 3826 lo.;
587 3758 678 3813 Gaius·
688 3758 720 3813 L.
739 3762 756 3814 3
772 3759 834 3828 Dig.
853 3759 887 3814 de
904 3774 938 3816 eo
962 3761 1036 3829 qnod
1050 3766 1126 3818 serto
1143 3762 1205 3821 loeo
1223 3765 1266 3833 1³,
1282 3766 1309 3821 4.

290 3849 316 3918 7)
339 3846 448 3917 Ulpitn.
466 3845 527 3899 Μ
543 3845 604 3913 Dig.
616 3847 658 3913 18,
677 3847 700 3898 1.
717 3845 817 3901 Pnulus
836 3846 868 3900 1..
887 3849 901 3900 l
919 3862 961 3915 pr.
980 3846 1015 3902 de
1029 3861 1083 3904 rer.
1100 3853 1213 3919 permut
1231 3851 1273 3920 19,
1283 3851 1310 3906 4.

343 3932 449 4001 ulpian.
467 3931 501 3986 L.
519 3932 536 3986 9
553 3931 578 4001 s.
595 3933 613 3984 2
629 3930 692 3998 Dig.
710 3930 745 3985 de
762 3935 856 3990 statut.
872 3933 916 4000 40,
934 3935 950 3989 7
968 3937 1020 3988 ete.

287 4021 315 4088 8)
339 4017 423 4075 Gaius
439 4017 472 4072 L.
492 4018 509 4071 3
527 4015 587 4084 Dip.
599 4015 641 4084 te,
660 4016 701 4070 14.
924 4018 929 4022 '
