2850 4884
617 471 755 566 L

147 669 197 740 ac
231 671 309 754 legis
342 667 511 734 arbitrium
540 669 681 736 valorem
703 667 844 736 definire
872 677 1099 738 conantur-
1128 673 1212 756 quod

155 789 227 856 fieri
256 811 321 856 non
350 788 476 872 potuit,'
501 787 652 872 quoniam
681 808 796 854 aurum
831 795 864 856 et
891 796 1061 876 argentum
1088 793 1213 879 externi

154 885 335 976 commercii
355 907 601 978 tundamentum
623 911 656 974 et
677 927 769 974 merx
789 930 893 993 paene
913 911 1043 978 unias
1060 911 1211 978 Romame

154 1033 325 1114 exportata
347 1033 427 1094 erat.

237 1148 290 1214 Sic
317 1149 534 1214 Romanonum
561 1147 649 1213 notio
670 1149 825 1230 pecuniae
854 1149 1000 1232 proxima
1026 1149 1209 1218 hodiernae.

141 1267 364 1335 'Oeconomiae
385 1265 565 1338 veroratio
588 1285 660 1330 cum
679 1265 774 1350 longe
793 1267 971 1334 alienant
992 1269 1036 1336 ab
1055 1269 1212 1338 hodierna
1277 1343 1281 1350 ,

152 1407 218 1452 non
240 1386 374 1452 eandem
394 1406 463 1452 esse
475 1385 629 1469 pecuniae
641 1387 806 1452 notionem
819 1385 984 1470 probatur.
1009 1387 1211 1457 simillimam

151 1507 280 1590 quidem
301 1506 365 1572 vim
380 1504 501 1570 -habuit
520 1505 655 1588 pecunia
683 1505 718 1570 in
747 1525 787 1570 ea
813 1509 996 1574 oeconomia
1027 1509 1211 1592 pecuniaria

151 1644 234 1708 quae
254 1624 451 1692 mercantilis
478 1623 562 1690 ratio
590 1629 731 1691 vocatur.
775 1625 839 1692 Sed
867 1625 932 1692 illic
957 1627 1055 1694 etiam
1075 1629 1212 1712 pecunia

149 1765 214 1812 non
258 1745 320 1810 nisi
359 1742 575 1828 productionis
620 1744 869 1812 instrumentum
902 1745 981 1828 fuit,
1016 1747 1211 1830 singularem

150 1863 281 1949 quidem
301 1863 423 1948 sucepit
436 1863 607 1929 utilitatem
628 1868 662 1928 et
684 1863 909 1932 auctoritatem
930 1865 1007 1949 quia
1021 1866 1208 1948 industriae,

149 2005 231 2068 quae
251 1983 352 2068 priori
372 1988 517 2067 tempore
538 1983 572 2047 in
592 1988 700 2050 terrae
714 1983 851 2050 eultnra
879 1984 982 2068 magis
1009 1986 1208 2068 versabatur,

148 2102 241 2168 ualde
258 2089 361 2168 'auxit
390 2103 601 2170 mobilitatem
632 2108 665 2169 et
685 2085 926 2170 'efficacitatem
977 2105 1115 2172 Romae-
1133 2125 1208 2172 vero

148 2223 285 2308 pecunia
323 2237 389 2288 non
425 2222 472 2288 ita
499 2221 734 2306 productionis,
769 2223 825 2290 sed
852 2222 938 2292 solae
966 2225 1209 2308 permutationis

148 2337 414 2423 instrumentum
437 2362 512 2408 nam
525 2361 645 2408 merces
668 2343 719 2408 vel
734 2342 820 2410 bona
840 2364 904 2410 non
920 2344 1137 2427 productionis
1153 2344 1210 2414 sed

148 2457 664 2555 pecuniae'riparatavRomanis
687 2462 853 2547 videntur,
882 2464 1033 2546 quoniam
1054 2464 1208 2547 ipsorum,

147 2585 185 2648 ut
206 2603 304 2666 supra
325 2582 622 2663 demonstravimus,
643 2582 777 2650 minima
798 2583 1049 2665 eratindustria,
1068 2583 1210 2649 maxima

51 2749 63 2764 .
148 2703 219 2768 auri
242 2707 276 2768 et
297 2703 422 2787 argenti
443 2701 543 2786 copia.
589 2699 670 2767 Cum
691 2705 749 2768 nos
765 2702 899 2785 quidem
919 2702 1069 2769 inbonis
1090 2719 1208 2789 operae

146 2809 212 2887 viia
243 2794 338 2904 quasi
363 2826 625 2906 concorporatum
650 2819 832 2902 videamus,
863 2822 1005 2888 Romani¹
1032 2820 1114 2886 nibil
1145 2821 1227 2886 nisi-

145 2941 300 3025 pecuniaa
329 2942 543 3024 quantitatem
569 2939 723 3006 inbonis
750 2944 907 3024 spectant.
959 2940 1207 3024 Itapeounism

144 3069 211 3127 non
233 3061 300 3128 vioe
328 3062 491 3127 mercium·
512 3059 568 3126 sed
589 3059 743 3126 mercium
774 3061 864 3142 quasi
894 3059 1108 3133 substantiam
1132 3079 1205 3128 oen·

146 3185 227 3246 sent.
270 3181 347 3247 Ideo
369 3178 505 3264 pecunia
530 3200 596 3246 non
617 3184 754 3263 angusta
774 3178 831 3244 illa
851 3200 1056 3248 nummorum
1077 3179 1128 3245 vel
1148 3199 1203 3262 pe·

144 3299 259 3365 cuniae
280 3304 467 3366 numeratae
487 3297 616 3364 notione
637 3302 802 3377 coercetur
819 3298 875 3366 sed
892 3301 1051 3384 majorem
1080 3304 1115 3366 et
1131 3319 1203 3395 ¹ma-

146 3417 195 3502 gis
223 3418 436 3486 universalem
465 3417 540 3484 vim.
562 3416 694 3502 accipit3
731 3417 818 3502 quod
844 3417 1123 3502 Hermogenianus
1155 3418 1205 3490 ‚sic

54 3625 57 3630 Ι
144 3538 310 3622 exprimit:
337 3538 493 3626 pecuniae
514 3539 643 3605 notione
665 3558 731 3604 non
756 3537 860 3605 solum
876 3543 1046 3603 numerata
1066 3536 1205 3621 pecunia

143 3657 199 3723 sed
222 3679 331 3725 ornnes
349 3679 401 3725 res
423 3664 492 3724 tam
513 3657 600 3724 solae
621 3678 719 3741 quam
746 3654 880 3724 mobiles
911 3662 946 3726 et
973 3661 1042 3724 tam
1070 3676 1204 3740 corpora

143 3791 241 3859 quam
259 3778 334 3860 jura
356 3774 627 3861 continentum).

177 3964 203 4032 9)
221 3963 452 4032 Hermogenianus
470 3963 501 4018 L.
519 3967 570 4018 222
588 3962 648 4031 Dig.
666 3962 700 4016 de
718 3963 749 4018 V.
769 3963 796 4018 S.
817 3964 859 4031 60,
879 3967 919 4018 16.
961 3963 1092 4032 Ulpianus
1107 3962 1136 4017 0.
1153 3964 1204 4018 178

228 4049 261 4103 D.
279 4050 338 4105 eod.
354 4050 456 4106 Paulus
473 4050 504 4105 L.
522 4053 539 4105 t
556 4051 616 4120 Dig.
635 4049 693 4106 eod.
710 4050 843 4106 Proculum
860 4051 891 4104 L.
908 4052 927 4104 4
945 4049 1003 4105 eod.

958 4140 977 4198 2
