2850 4884
749 455 788 518 18

325 652 377 720 Sic
404 651 561 722 bonorum
588 655 790 724 oeconomica
818 653 920 720 virtus
944 654 1136 738 ,‚pecuniae“
1170 655 1305 722 nomine

239 771 455 858 significatum
479 771 747 855 ,‚aestimationie“
770 777 879 840 autem
900 773 989 843 notio
1009 770 1191 856 adhibetur,
1213 773 1304 840 eiad

243 892 409 962 hominum
431 889 698 959 existimationem
715 895 749 958 et
769 911 863 958 usum
882 892 968 960 bona
986 890 1234 976 referuntnr¹⁰),
1256 893 1305 958 Et

243 1011 397 1098 pecuniae
413 1016 446 1077 et
461 1010 690 1078 aestimationis
712 1010 800 1077 notio
822 1014 872 1078 est
889 1011 1094 1093 universalis3
1114 1011 1210 1078 latior
1230 1012 1303 1096 qui-

243 1131 317 1198 dem
336 1129 581 1212 aestimationis,
616 1147 698 1212 quae
729 1134 765 1196 et
791 1128 832 1196 ad
853 1129 939 1198 bona
959 1117 1056 1198 etad
1077 1131 1221 1198 homines
1249 1151 1301 1198 re·

241 1250 354 1316 fertum.
399 1247 473 1314 Una
501 1253 535 1316 et
563 1248 666 1316 altare
695 1249 826 1316 notione
851 1269 895 1316 ea
929 1254 1057 1326 tantam
1085 1249 1172 1318 bona
1202 1249 1301 1336 signi·

241 1367 381 1436 ficantur
401 1388 484 1452 quae
502 1370 536 1435 in
557 1367 724 1436 hominum
744 1368 960 1436 oeconomiam
987 1370 1112 1435 intrant
1139 1373 1174 1436 et
1204 1388 1302 1454 pecu·

223 1489 296 1557 ‘nia
315 1493 484 1556 numerata
505 1488 725 1556 aestimantur.
768 1487 831 1554 Ros
851 1489 995 1554 omnium
1016 1493 1216 1569 mmmunes,
1246 1507 1302 1556 res

241 1628 355 1676 sacrae
375 1609 505 1674 saumae
522 1606 687 1692 religiosae
709 1627 814 1691 neque
827 1607 862 1672 in
876 1607 1013 1691 pecnnia
1026 1611 1103 1674 sunt
1123 1627 1184 1674 nec
1204 1607 1301 1674 aesti-

241 1725 416 1796 mationem
436 1721 595 1810 recipiunt
605 1725 656 1811 ¹¹).
701 1726 890 1793 Accnratiue
910 1726 1068 1795 bonorum
1088 1726 1190 1793 virtus
1208 1746 1300 1793 oeco-

241 1847 367 1916 nomica
388 1867 453 1913 non
475 1845 723 1930 cirumscripta
766 1846 927 1913 Utilitatis
954 1850 989 1913 et
1009 1867 1086 1913 usus
1105 1847 1236 1915 nomina
1256 1843 1301 1914 ad

241 1966 457 2036 oeconomiam
476 1963 639 2049 publicam
657 1985 725 2032 non
744 1963 972 2050 pertinent12).

298 2125 302 2134 ·
325 2084 403 2152 ldeo
421 2084 557 2150 Romani
576 2081 753 2166 abhorrent
773 2087 807 2150 et
832 2104 854 2150 a
881 2083 1106 2152 canonicorum
1129 2084 1299 2153 doctorum

240 2204 389 2291 opimone
416 2203 474 2286 qui
501 2199 581 2269 nihil
610 2203 671 2269 nisi
702 2203 871 2272 materiam
898 2204 934 2270 in
960 2203 1053 2271 bonis
1074 2207 1237 2288 epactam,
1263 2207 1299 2268 et

240 2324 283 2396 ab
312 2322 469 2390 hodierna
497 2321 643 2392 doctrina
673 2343 756 2408 qaae
784 2324 890 2410 ample
921 2344 960 2390 ac
991 2321 1152 2390 subtiliter
1181 2320 1299 2388 valoris

244 2443 408 2514 notionem
430 2442 591 2528 explanat.
634 2441 717 2510 eum
738 2442 782 2510 ab
802 2443 866 2510 illie
886 2443 1033 2524 materia,
1052 2462 1075 2508 a
1088 2440 1188 2508 'nobis
1208 2441 1298 2508 valor

239 2564 393 2632 inbonis
419 2563 636 2649 intelligatur
664 2563 751 2648 apud
778 2563 939 2631 Romanos
973 2563 1105 2648 propria
1140 2560 1296 2632 bonorum

238 2685 285 2750 ris
307 2685 342 2750 in
360 2685 497 2768 pecunia
517 2682 631 2768 posita.
989 2733 992 2739 .
1376 2741 1381 2748 ,

321 2803 404 2870 Sunt
424 2802 560 2871 fortasse
582 2803 637 2887 qui
664 2802 774 2868 dicant
794 2821 860 2870 non
883 2800 993 2886 populi
1013 2799 1150 2870 Romani
1171 2797 1227 2866 sed
1244 2791 1296 2866 lo-

237 2927 345 2990 torum
366 2923 530 3008 opiniones
549 2942 608 2990 nos
626 2921 856 2990 demonstrare.
878 2921 941 2990 Sed
962 2921 1024 2987 hoe
1042 2921 1112 3005 ipso
1131 2918 1203 2988 loco
1223 2937 1295 3002 pro-

237 3039 350 3124 batur,
383 3061 423 3107 ex
442 3041 520 3126 ipsis
540 3039 662 3124 legibus
684 3041 831 3124 cognosci
846 3061 929 3124 quae
950 3041 985 3106 in
1002 3038 1187 3107 nniversam
1208 3035 1295 3107 illius

236 3159 352 3228 aetatis
373 3159 518 3227 homines
539 3157 706 3228 senserint.
751 3158 835 3225 Vide·
853 3160 897 3226 sis
918 3157 1117 3243 exemplum:
1147 3155 1234 3230 illias
1255 3153 1296 3228 dc

119 3349 128 3365 κ
237 3301 302 3366 qua
323 3279 505 3364 quaerimus
526 3278 642 3346 aetatis
668 3278 756 3362 leges
775 3298 884 3346 rerum
904 3277 1044 3364 pretium
1064 3274 1241 3346 montium
1262 3279 1296 3344 et

236 3398 442 3468 vendentium
476 3398 593 3466 libero.
611 3418 767 3471 concursu
790 3399 941 3468 constitui
967 3396 1097 3482 iubent3
1130 3394 1203 3464 ideo
1230 3413 1295 3473 noa

271 3573 314 3648 10)
338 3569 510 3625 Florentinus
542 3569 573 3623 L.
595 3569 613 3622 4
638 3569 663 3638 S.
688 3569 704 3622 1
728 3569 789 3637 Dig.
814 3568 848 3623 de
871 3567 957 3624 usust.
983 3573 1012 3622 et
1044 3559 1235 3638 eucnemon.
1268 3568 1295 3632 7,

286 3687 289 3690 -
339 3659 363 3712 1.
380 3654 544 3725 Pomponius
560 3655 593 3710 L.
610 3657 645 3710 26
663 3655 689 3726 s.
707 3656 726 3708 2
742 3654 803 3723 llig.
820 3653 856 3709 de
871 3652 924 3721 lag.
941 3653 964 3706 Ι.
980 3653 1024 3706 30.

270 3760 313 3829 11)
336 3756 506 3814 Modestinus
523 3759 556 3813 L.
573 3760 591 3814 6
608 3773 649 3829 pr.
667 3757 727 3826 [lig.
746 3756 789 3827 18,
806 3756 832 3812 1.
867 3754 999 3826 Ulpianus
1010 3753 1043 3812 L
1060 3754 1078 3812 t
1097 3756 1125 3827 S.
1142 3754 1161 3812 ὅ
1178 3753 1240 3822 Dig.
1258 3751 1293 3808 ‹la

338 3842 372 3899 de
390 3842 466 3898 divis.
483 3857 536 3900 rer.
553 3848 579 3913 1,
598 3843 625 3900 8.

269 3949 312 4019 12)
335 3945 478 4017 „Valoris“
501 3946 584 4004 verbo
601 3944 675 4018 apud
696 3942 824 4014 antiquos
848 3958 904 4000 non
920 3941 987 4015 „der
1002 3941 1119 4001 Warth“
1138 3938 1293 4014 munificam,

335 4035 429 4089 notum
445 4035 495 4088 est.
