2850 4884
691 467 692 476 κ
751 435 774 496 8

691 515 829 542 -ι-Ι--α

230 629 376 702 nationes
388 637 489 702 erant.
512 631 563 700 Ex
576 630 680 719 primo
694 633 796 719 igitur
803 637 838 700 et
846 631 986 702 secundo
1007 638 1080 720 post
1098 634 1292 706 liberaerei

229 751 377 835 publicae
398 751 564 820 interitum
584 753 709 819 saeculo
733 753 824 838 copia
844 752 1001 820 sumenda
1020 758 1071 820 est
1091 754 1293 844 disquirendi

230 869 271 936 de
282 871 497 938 Romanmnm
517 873 680 958 principiis
701 873 928 954 oeconomicis3
951 893 1034 956 qnae
1055 874 1291 957 quidemetex

230 989 307 1075 ipsis
326 991 422 1058 rebus
444 997 478 1058 et
492 1013 531 1058 ax
551 993 719 1084 literarum
741 971 956 1061 monumentis
969 992 1119 1059 videntur
1137 994 1290 1064 eruenda

315 1110 437 1178 Notum
454 1117 536 1206 est,
553 1113 763 1182 ,oeconomiae
791 1113 939 1198 publicae
960 1112 1158 1195 doctrinm,
1187 1115 1292 1197 qualis

159 1309 162 1318 Ι
231 1233 341 1296 estex
370 1231 525 1298 moderna
545 1231 691 1300 vocabuli
720 1231 969 1316 significatione,
1006 1231 1094 1318 apud
1129 1233 1291 1300 Romanos

231 1369 297 1414 non
326 1349 470 1416 inveniri.
515 1352 607 1432 Quod
638 1374 681 1424 eo
705 1353 904 1437 explicatur,
937 1351 1026 1435 quod
1051 1353 1215 1420 Romanae
1243 1352 1292 1420 rei

230 1467 378 1554 publicae
407 1473 631 1558 societatisque
660 1472 883 1556 disciplinaet
902 1472 1093 1556 temperatio
1114 1472 1207 1539 valde
1228 1472 1292 1538 dis·

232 1574 356 1673 crepuit
390 1590 432 1656 ab
469 1591 633 1660 hodierna.
686 1593 904 1662 Romanorum
939 1593 1006 1666 vita
1032 1597 1109 1661 ante
1138 1593 1291 1675 ciuilibus,

232 1709 346 1779 deinde
364 1711 514 1780 humanis
535 1712 715 1780 rationibus
730 1713 951 1800 coercebatur,
972 1715 1021 1794 rei
1040 1713 1187 1798 publicae
1207 1715 1293 1782 ratio

232 1852 310 1916 prae
330 1833 475 1916 privatae
497 1811 656 1900 societatis
680 1835 808 1904 ratione
836 1832 1054 1918 praevalebat.
1078 1835 1202 1903 ·Homo
1224 1835 1292 1918 qui-

232 1950 306 2018 dem
317 1953 479 2020 Romanus
497 1953 545 2018 rei
564 1954 710 2036 publicae
733 1973 846 2020 caussa
867 1957 1003 2034 creatus,
1026 1974 1093 2019 non
1114 1974 1166 2020 res
1188 1952 1292 2037 publi-

231 2091 269 2138 ca
300 2058 469 2148 hominurn
492 2093 615 2146 ,caussa
645 2072 820 2138 constituta
849 2091 919 2137 esse
948 2071 1127 2138 videbatur.
1178 2073 1287 2139 Vitam

231 2191 330 2258 etiam
352 2193 587 2262 oeconomicam
608 2193 708 2258 civilis
730 2193 813 2260 ratio
836 2193 984 2260 exomni
1005 2195 1291 2278 parteamplecte·

232 2309 345 2393 batur3
374 2317 407 2379 et
435 2313 483 2378 ita
503 2313 650 2386 ,civilium
676 2313 866 2397 quidemst
884 2313 1089 2397 politicarum
1109 2312 1166 2380 sed
1187 2315 1292 2380 minus

232 2441 506 2506 oeconomicarum
528 2462 636 2506 rerum
658 2441 792 2506 scientia
812 2440 940 2508 exculta
961 2444 1019 2506 est.
1054 2439 1186 2512 Accedit
1208 2440 1292 2524 quod

230 2557 316 2642 ipsa.
330 2559 397 2624 vita
424 2556 627 2627 oeconomica
655 2559 809 2643 singulari
837 2558 976 2642 quodam
996 2559 1092 2626 modo
1119 2560 1291 2626 constituta

231 2682 311 2746 erat.
365 2678 557 2747 Oeconomia
584 2680 734 2744 universa
758 2699 817 2763 per
848 2698 955 2745 servos
991 2679 1215 2762 exercebatur3
1252 2701 1293 2746 ex·
1396 2690 1401 2693 ’

233 2799 427 2866 servitudine
449 2799 580 2883 quidem
602 2799 729 2884 pendet·
742 2799 919 2866 domestica
935 2799 1104 2866 industria.
1148 2801 1225 2868 Ideo
1253 2822 1292 2867 ea

237 2939 319 3003 quae
341 2920 533 3004 principium
556 2925 605 2986 est
621 2924 661 2992 ,et
681 2920 927 2986 fundamentum
949 2919 1123 2987 hodiernae
1144 2921 1293 2988 scientiae

233 3040 469 3120 oeconomicae²
505 3039 607 3121 ratio,
628 3059 726 3123 quae
748 3040 839 3118 inter
869 3040 1055 3122 pecuniosos
1085 3040 1231 3105 homines
1259 3045 1294 3107 et

230 3162 404 3245 operarios,
425 3162 511 3228 inter
532 3167 651 3229 sortem
673 3167 706 3228 et
727 3180 858 3246 operam
879 3164 931 3248 (ut
942 3161 1174 3229 universalibus
1191 3162 1292 3230 notic-

232 3279 327 3352 nibus
353 3255 585 3367 „Kapitalund
596 3282 730 3348 Arbeit“
746 3282 889 3367 utamur)
908 3281 1123 3363 constituntur,
1145 3280 1293 3365 inpubli-

231 3420 286 3467 ,ωε
307 3421 357 3466 res
372 3406 406 3468 et
422 3401 551 3486 publica
567 3402 695 3486 negotia
712 3403 818 3468 minus
834 3401 979 3483 intrabat
993 3402 1103 3483 itaque
1119 3422 1140 3465 a
1158 3400 1292 3470 scientia

232 3521 363 3609 politica
384 3527 418 3586 et
437 3521 629 3588 discussione
650 3523 780 3606 publica
800 3523 901 3606 magis
922 3525 1047 3587 remota
1064 3524 1123 3586 est.
1153 3521 1205 3585 Ita
1219 3541 1292 3586 cnm

234 3638 359 3708 deesset
372 3641 519 3724 propriae
533 3641 693 3708 scientiae.
705 3642 925 3708 oeconomicae
941 3640 1032 3722 quasi
1045 3637 1292 3705 fundamentum

233 3759 431 3844 reliquarum
447 3763 627 3828 commercii
648 3762 809 3828 rationum
839 3760 1015 3843 disquisitio
1043 3760 1128 3826 inter
1154 3760 1237 3843 juris
1257 3765 1291 3825 et

233 3879 378 3966 politices
394 3881 557 3948 seientiam
579 3881 752 3965 distributa
773 3884 831 3946 est.
854 3881 943 3945 Haec
960 3884 1054 3948 erant
1065 3878 1216 3946 scientiae
1237 3899 1290 3964 ge·

235 4019 315 4068 nera
342 3998 377 4068 in
404 4000 518 4084 quibus
545 4001 683 4085 manime
704 4002 922 4068 Romanorum
950 3999 1048 4066 animi
1069 3998 1288 4082 censebantur,
