2850 4884
740 455 781 517 20

233 673 337 750 cessus
379 653 523 737 privatae
568 653 770 722 oeconomiae
814 653 931 723 circulo
975 662 1156 739 coercetur3
1182 657 1298 724 indu-

233 772 331 839 striae
352 772 399 838 vis
422 793 442 838 a
463 771 591 856 publico
614 776 803 840 commercio
821 775 1097 857 recedityiterum
1112 776 1299 859 iterumque

234 891 276 959 ad
289 890 398 967 ¹solam
416 893 692 976 permutationem,
715 894 736 958 i.
757 916 784 960 e.
807 894 977 980 pecuniam
988 896 1204 963 Romanorum
1225 896 1297 960 ani-

235 1011 279 1076 mi
301 1010 509 1079 reducuntur.
533 989 584 1078 Sic
594 1011 752 1080 bonorum
763 1017 796 1079 et
816 1013 932 1080 valoris
952 1015 1040 1080 notio
1061 1015 1101 1081 ad
1124 1015 1297 1099 pecuniam

233 1129 405 1198 reducitur.

317 1249 444 1316 Scilicet
470 1247 543 1315 talis
570 1239 770 1318 oeconomice
799 1251 882 1318 ratio
904 1252 1035 1317 maximi
1054 1254 1208 1319 momenti
1228 1253 1296 1335 fuit

231 1372 265 1438 in
287 1369 510 1435 constituenda
531 1390 570 1436 ea
584 1371 713 1439 notione
735 1372 946 1452 oeconomica,
972 1392 1069 1455 quam
1090 1371 1185 1454 hodie
1206 1371 1293 1454 „Ka-

231 1489 331 1573 pital“
355 1509 513 1554 vocamus.
553 1547 556 1552 .
898 1494 902 1502 '
995 1507 998 1512 ·

289 1671 298 1684 ,
316 1608 398 1674 Sunt
418 1606 546 1692 quidem
568 1609 635 1674 eius
656 1607 703 1674 rei
725 1613 760 1673 et
780 1606 917 1673 notionis
945 1607 1105 1675 elementa
1126 1609 1183 1676 ubi
1202 1610 1293 1677 bona

232 1725 327 1814 plura
348 1727 570 1812 producuntur
590 1732 623 1794 et
643 1732 885 1807 coacervantur,
915 1746 1013 1809 quam
1035 1743 1116 1809 quae
1144 1735 1293 1815 tempore

230 1847 391 1933 praesenti
413 1850 658 1929 consumuntur,
685 1845 844 1931 quomodo
864 1865 939 1912 vero
963 1845 1127 1914 excolatur
1155 1849 1211 1915 illa
1231 1872 1291 1917 no·
1332 1929 1337 1936 Ι

229 1968 275 2036 tio
296 1989 336 2034 ex
357 1988 394 2033 eo
415 1964 551 2051 pendet,
579 1965 663 2048 quod
687 1960 727 2032 de
747 1964 823 2032 boni
847 1963 941 2050 (Gut)
962 1972 996 2031 et
1015 1966 1131 2034 valoris
1152 1969 1290 2037 notioni-

228 2085 289 2182 bus
311 2084 455 2151 homines
478 2085 628 2157 sentiunt.

312 2207 351 2302 ln
371 2205 476 2290 primo
497 2205 625 2290 quidem
646 2203 848 2272 oeconomiae
869 2208 956 2270 statu
983 2205 1039 2288 qui
1058 2210 1148 2272 terra
1168 2213 1202 2275 et
1220 2210 1289 2274 ter-

226 2345 282 2392 rae
310 2322 468 2392 fructibus
502 2324 672 2409 praecipue
700 2322 831 2404 nititur,
867 2343 906 2390 ea
942 2331 1171 2392 coacervantur
1201 2326 1289 2394 bona

226 2465 308 2529 quae
336 2444 378 2512 ad
408 2445 506 2511 vitam
539 2415 641 2527 ipsam
662 2442 905 2518 sustentandam
933 2443 1050 2510 idonea
1073 2452 1166 2528 sunt;
1199 2447 1282 2528 ideo,

225 2564 425 2630 oeconomice
447 2563 474 2629 si
494 2561 680 2647 loquamur,
712 2562 940 2628 consumtionis
961 2563 1098 2631 mamria
1119 2585 1284 2633 coacerva·

223 2687 295 2764 tur3
317 2688 387 2750 tum
408 2683 594 2769 pecuniaria
616 2682 799 2750 oeconomia
828 2681 928 2764 magis
950 2683 1094 2766 exculta,
1124 2704 1190 2750 uon
1216 2683 1284 2751 iam

222 2801 293 2888 ipsa
322 2796 413 2868 merx
433 2803 488 2870 sed
518 2801 659 2892 pecunia¹
681 2805 901 2882 coacervatum,
930 2802 950 2867 i.
980 2825 1008 2870 e.
1036 2803 1284 2891 permutationis

222 2917 374 3003 materia3
401 2921 516 2988 deiude
539 2924 566 2988 si
587 2923 628 2989 ad
649 2921 797 2988 altiorem
819 2921 963 2989 culturae
991 2923 1127 3006 gramm
1148 2944 1281 2990 oecono

222 3040 288 3106 mia
307 3040 462 3124 perducta
484 3045 549 3123 est,
583 3043 609 3106 si
639 3039 798 3107 industria
819 3039 995 3124 efficacior,
1024 3040 1105 3108 fides
1119 3042 1279 3126 amplior,

221 3180 332 3226 rerum
354 3164 387 3226 et
407 3159 573 3228 hominum
595 3159 696 3226 virtue
717 3159 920 3226 oeconomica
939 3159 1114 3244 fecundior,
1129 3153 1202 3250 ¹non
1214 3163 1280 3229 iam

219 3301 271 3347 res
292 3301 373 3364 quae
396 3285 642 3360 consumantur,
674 3279 827 3364 pecuniae
850 3300 932 3362 quae
952 3285 1193 3362 permutentur,
1222 3281 1278 3348 sed

219 3398 287 3466 eius
308 3399 356 3465 rei
378 3420 489 3472 caussa
516 3402 743 3465 coacervantur
768 3397 855 3465 bona
884 3403 922 3472 ut
942 3397 1031 3464 valor
1056 3416 1167 3482 eorum
1188 3420 1277 3467 oeeo

219 3520 362 3585 nomieus
387 3517 428 3586 ad
449 3519 764 3602 summum-gradum
783 3520 966 3598 excolatur,
987 3519 1007 3583 i.
1022 3538 1050 3583 e.
1072 3524 1277 3586 coacervatur

218 3639 435 3724 productionis
457 3639 601 3704 materia.
645 3637 697 3704 Sic
726 3639 760 3704 in
782 3638 878 3704 variis
899 3639 1103 3711 oeconomiae
1122 3637 1276 3722 gradibus

216 3757 267 3826 vel
289 3757 515 3825 consumtionis
544 3757 594 3824 vel
623 3754 868 3854 permutationis
896 3757 946 3822 vel
973 3756 1190 3841 productionis
1217 3777 1273 3824 no·

215 3877 337 3946 tionem
358 3877 502 3944 homiues
529 3876 615 3945 bono
640 3874 880 3945 accumulantes
907 3877 1009 3962 magis
1035 3880 1200 3962 spectant3
1227 3877 1274 3944 sic

215 3997 354 4084 primum
376 3997 474 4084 ipsius
495 3996 666 4080 materiae,
696 3993 813 4062 deinde
841 3996 1009 4082 pecuniae,
1046 3993 1118 4063 tum
1155 3998 1272 4067 valoris
