2850 4884
402 1456 405 1466 ι
486 1390 898 1506 rerumne.
1029 1329 1036 1344 ’

619 1667 757 1678 -n———n—

246 1846 328 1915 Gnm
349 1825 484 1931 quidem¹
508 1866 568 1932 pro
597 1847 802 1932 impetranda
823 1847 916 1914 venia
936 1845 1070 1914 doeendi
1089 1847 1125 1912 in
1145 1843 1221 1912 Phi·

157 1980 364 2066 loaophorum
392 1981 504 2049 ordine
525 1981 750 2049 Univereitatie
778 1981 946 2048 literarum
974 1979 1122 2048 Halemia
1152 1979 1221 2064 „De

159 2115 381 2200 manupretio*
405 2115 662 2182 dissertationem
680 2117 913 2200 composuerim
935 2137 1019 2202 qnae
1030 2113 1222 2182 Gemanica

158 2248 268 2334 lingua
294 2249 413 2332 scripta
442 2271 462 2315 a
491 2248 647 2316 facultate
669 2270 795 2315 summa
814 2249 993 2334 approbata
1014 2255 1079 2332 eet,
1109 2255 1220 2316 tamen

158 2402 241 2468 quae
276 2403 317 2449 ex
341 2401 431 2449 more
453 2382 678 2449 Universitatia
708 2387 815 2450 vetere
844 2383 879 2449 in
907 2382 1050 2467 linguam
1071 2381 1221 2448 Latinam

158 2537 311 2590 eonversa
347 2515 436 2601 prelo
473 2516 684 2584 mandaretur
715 2522 749 2583 et
777 2519 811 2583 in
839 2517 1055 2601 disputatione
1090 2513 1221 2600 publiea

157 2651 386 2719 defenderetur
425 2649 506 2717 haee
542 2650 610 2732 „De
642 2651 786 2734 eorporis
811 2651 893 2736 juria
923 2648 1024 2716 civilis
1055 2646 1220 2733 principiis

157 2785 386 2855 oeconomum
410 2785 636 2852 commentatio
656 2785 758 2868 magia
776 2789 854 2869 apta
867 2783 948 2850 mini
961 2783 1029 2849 visa
1041 2787 1101 2848 eet
1130 2781 1219 2863 Quia,

158 2939 296 3005 quaeso,
319 2924 385 3002 eet,
408 2919 487 3005 quin
509 2919 605 3002 sciat,
635 2941 688 2987 res
710 2940 792 3004 quaa
811 2919 855 2990 ad
875 2915 1095 2986 oeeonomiam
1113 2912 1219 2999 politi·

159 3073 231 3120 oam
252 3054 393 3120 attinent
411 3052 528 3119 Latina
555 3051 664 3136 lingua
685 3073 751 3119 non
779 3053 848 3120 sine
876 3073 994 3138 magna
1028 3048 1219 3117 difficultate

158 3185 313 3268 tractari,
343 3186 495 3270 quoniam
521 3186 595 3253 illae
622 3187 769 3254 notiones
797 3187 962 3271 generales
990 3206 1073 3271 qnae
1101 3182 1220 3252 nostrie

159 3319 271 3386 diebus
292 3318 327 3385 in
348 3319 535 3404 quotidiano
556 3317 722 3387 hominnm
744 3342 805 3387 usu
831 3327 925 3404 sunt,
955 3319 1040 3406 apud
1060 3319 1220 3384 Romanos

158 3474 224 3522 non
243 3454 456 3520 inveniantur.
501 3453 659 3530 Maximae
681 3460 791 3522 autem
812 3461 846 3522 et
865 3475 968 3542 paene
989 3451 1219 3537 insuperabiles

159 3586 365 3655 difficultates
395 3593 569 3656 occurrunt
589 3588 628 3654 iis
650 3588 706 3675 qui
727 3589 870 3656 rationes
894 3589 1112 3657 oeoonomioaa
1139 3605 1218 3653 non·

159 3721 222 3789 nisi
241 3721 459 3789 recentissimo
480 3727 624 3807 tempore
653 3722 795 3788 exordtae
826 3722 867 3808 (e.
896 3743 926 3808 g.
950 3721 990 3788 de
1011 3721 1218 3808 manupretio

160 3862 194 3924 et
212 3855 433 3957 operariorum
448 3853 640 3941 conditione)
655 3855 770 3923 Latine
790 3860 930 3923 tractare
952 3861 1120 3924 nouantur.
1141 3854 1218 3921 Ideo

161 3995 199 4058 ut
218 3989 465 4075 legisvoluntati
476 3989 644 4074 verbisque
665 3988 884 4074 obtemperem
903 3988 988 4056 hano
1010 3989 1051 4057 de
1071 3990 1143 4074 ipsa
1157 3989 1219 4055 Ro·
