<?xml version="1.0" encoding="UTF-8"?>
<!DOCTYPE html PUBLIC "-//W3C//DTD XHTML 1.0 Transitional//EN"
    "http://www.w3.org/TR/xhtml1/DTD/xhtml1-transitional.dtd">
<html xmlns="http://www.w3.org/1999/xhtml" xml:lang="en" lang="en">
 <head>
  <title>
</title>
<meta http-equiv="Content-Type" content="text/html;charset=utf-8" />
  <meta name='ocr-system' content='tesseract 3.04.00' />
  <meta name='ocr-capabilities' content='ocr_page ocr_carea ocr_par ocr_line ocrx_word'/>
</head>
<body>
  <div class='ocr_page' id='page_1' title='image "./decorporisjuris00schegoog_0011.png"; bbox 0 0 2850 4884; ppageno 0'>
   <div class='ocr_carea' id='block_1_1' title="bbox 652 449 732 530">
    <p class='ocr_par' dir='ltr' id='par_1_1' title="bbox 652 449 732 530">
     <span class='ocr_line' id='line_1_1' title="bbox 652 449 732 530; baseline 0.013 -1"><span class='ocrx_word' id='word_1_1' title='bbox 652 449 673 517; x_wconf 73' lang='lat' dir='ltr'>l</span> <span class='ocrx_word' id='word_1_2' title='bbox 727 525 732 530; x_wconf 82' lang='grc'><strong>,</strong></span> 
     </span>
    </p>
   </div>
   <div class='ocr_carea' id='block_1_2' title="bbox 134 649 1196 1101">
    <p class='ocr_par' dir='ltr' id='par_1_2' title="bbox 134 649 1194 856">
     <span class='ocr_line' id='line_1_2' title="bbox 134 649 1194 786; baseline 0.012 -68"><span class='ocrx_word' id='word_1_3' title='bbox 134 654 235 736; x_wconf 87' lang='lat' dir='ltr'>atquo</span> <span class='ocrx_word' id='word_1_4' title='bbox 255 649 313 720; x_wconf 82' lang='lat' dir='ltr'>illa</span> <span class='ocrx_word' id='word_1_5' title='bbox 332 650 527 736; x_wconf 84' lang='lat' dir='ltr'>perlustrare</span> <span class='ocrx_word' id='word_1_6' title='bbox 549 651 701 721; x_wconf 89' lang='lat' dir='ltr'>debemus</span> <span class='ocrx_word' id='word_1_7' title='bbox 723 653 895 738; x_wconf 72' lang='lat' dir='ltr'>Romanae]</span> <span class='ocrx_word' id='word_1_8' title='bbox 911 658 1117 786; x_wconf 81' lang='lat' dir='ltr'>oeconomiae</span> <span class='ocrx_word' id='word_1_9' title='bbox 1143 681 1194 731; x_wconf 80' lang='lat' dir='ltr'>oo·</span> 
     </span>
     <span class='ocr_line' id='line_1_3' title="bbox 135 770 476 856; baseline 0.009 -20"><span class='ocrx_word' id='word_1_10' title='bbox 135 770 334 856; x_wconf 69' lang='lat' dir='ltr'>goncendao</span> <span class='ocrx_word' id='word_1_11' title='bbox 355 791 476 839; x_wconf 78' lang='lat' dir='ltr'><strong>caussa</strong></span> 
     </span>
    </p>

    <p class='ocr_par' dir='ltr' id='par_1_3' title="bbox 137 889 1196 1101">
     <span class='ocr_line' id='line_1_4' title="bbox 221 889 1195 975; baseline 0.01 -19"><span class='ocrx_word' id='word_1_12' title='bbox 221 891 310 971; x_wconf 81' lang='lat' dir='ltr'>Quae</span> <span class='ocrx_word' id='word_1_13' title='bbox 325 889 453 975; x_wconf 88' lang='lat' dir='ltr'>quidem</span> <span class='ocrx_word' id='word_1_14' title='bbox 469 891 619 958; x_wconf 76' lang='lat' dir='ltr'><strong>scientiae</strong></span> <span class='ocrx_word' id='word_1_15' title='bbox 635 910 754 975; x_wconf 83' lang='lat' dir='ltr'>genera</span> <span class='ocrx_word' id='word_1_16' title='bbox 765 912 831 960; x_wconf 91' lang='lat' dir='ltr'>non</span> <span class='ocrx_word' id='word_1_17' title='bbox 852 892 895 960; x_wconf 86' lang='lat' dir='ltr'>ad</span> <span class='ocrx_word' id='word_1_18' title='bbox 916 893 1106 962; x_wconf 87' lang='lat' dir='ltr'>hodiernum</span> <span class='ocrx_word' id='word_1_19' title='bbox 1127 917 1195 966; x_wconf 88' lang='lat' dir='ltr'>mo·</span> 
     </span>
     <span class='ocr_line' id='line_1_5' title="bbox 137 1009 1196 1101; baseline 0.004 -21"><span class='ocrx_word' id='word_1_20' title='bbox 137 1009 215 1080; x_wconf 84' lang='lat' dir='ltr'>dum</span> <span class='ocrx_word' id='word_1_21' title='bbox 242 1009 328 1077; x_wconf 88' lang='lat' dir='ltr'>inter</span> <span class='ocrx_word' id='word_1_22' title='bbox 357 1028 392 1077; x_wconf 92' lang='lat' dir='ltr'>se</span> <span class='ocrx_word' id='word_1_23' title='bbox 419 1016 513 1078; x_wconf 86' lang='lat' dir='ltr'>erant</span> <span class='ocrx_word' id='word_1_24' title='bbox 542 1011 721 1096; x_wconf 75' lang='lat' dir='ltr'>disiuuota;</span> <span class='ocrx_word' id='word_1_25' title='bbox 752 1013 862 1096; x_wconf 86' lang='lat' dir='ltr'>itaque</span> <span class='ocrx_word' id='word_1_26' title='bbox 880 1014 915 1080; x_wconf 86' lang='lat' dir='ltr'>in</span> <span class='ocrx_word' id='word_1_27' title='bbox 943 1010 1050 1101; x_wconf 89' lang='lat' dir='ltr'>amplo</span> <span class='ocrx_word' id='word_1_28' title='bbox 1078 1017 1135 1084; x_wconf 93' lang='lat' dir='ltr'>illo</span> <span class='ocrx_word' id='word_1_29' title='bbox 1162 1023 1196 1086; x_wconf 90' lang='lat' dir='ltr'>et</span> 
     </span>
    </p>
   </div>
   <div class='ocr_carea' id='block_1_3' title="bbox 17 1118 1196 1218">
    <p class='ocr_par' dir='ltr' id='par_1_4' title="bbox 17 1118 1196 1218">
     <span class='ocr_line' id='line_1_6' title="bbox 17 1118 1196 1218; baseline 0.011 -25"><span class='ocrx_word' id='word_1_30' title='bbox 17 1118 25 1128; x_wconf 79' lang='lat'>&#39;</span> <span class='ocrx_word' id='word_1_31' title='bbox 136 1128 228 1213; x_wconf 82' lang='lat' dir='ltr'>gravi</span> <span class='ocrx_word' id='word_1_32' title='bbox 249 1129 467 1200; x_wconf 84' lang='lat' dir='ltr'>Romanorum</span> <span class='ocrx_word' id='word_1_33' title='bbox 491 1151 605 1216; x_wconf 89' lang='lat' dir='ltr'>opere,</span> <span class='ocrx_word' id='word_1_34' title='bbox 630 1131 772 1217; x_wconf 77' lang='lat' dir='ltr'>Corpore</span> <span class='ocrx_word' id='word_1_35' title='bbox 790 1133 872 1218; x_wconf 83' lang='lat' dir='ltr'>juris</span> <span class='ocrx_word' id='word_1_36' title='bbox 889 1133 1041 1202; x_wconf 78' lang='lat' dir='ltr'>ciuiliset</span> <span class='ocrx_word' id='word_1_37' title='bbox 1056 1135 1196 1206; x_wconf 82' lang='lat' dir='ltr'>civilium</span> 
     </span>
    </p>
   </div>
   <div class='ocr_carea' id='block_1_4' title="bbox 137 1244 1280 4091">
    <p class='ocr_par' dir='ltr' id='par_1_5' title="bbox 137 1244 1204 2534">
     <span class='ocr_line' id='line_1_7' title="bbox 138 1244 1197 1339; baseline 0.006 -25"><span class='ocrx_word' id='word_1_38' title='bbox 138 1251 172 1314; x_wconf 92' lang='lat' dir='ltr'>et</span> <span class='ocrx_word' id='word_1_39' title='bbox 192 1247 395 1332; x_wconf 70' lang='lat' dir='ltr'>politicam</span> <span class='ocrx_word' id='word_1_40' title='bbox 414 1263 522 1334; x_wconf 86' lang='lat' dir='ltr'>neque</span> <span class='ocrx_word' id='word_1_41' title='bbox 544 1244 650 1316; x_wconf 86' lang='lat' dir='ltr'>miuus</span> <span class='ocrx_word' id='word_1_42' title='bbox 670 1251 946 1319; x_wconf 77' lang='lat' dir='ltr'>oeconomicamm</span> <span class='ocrx_word' id='word_1_43' title='bbox 964 1273 1075 1320; x_wconf 89' lang='lat' dir='ltr'>rerum</span> <span class='ocrx_word' id='word_1_44' title='bbox 1092 1253 1197 1339; x_wconf 84' lang='lat' dir='ltr'>expli·</span> 
     </span>
     <span class='ocr_line' id='line_1_8' title="bbox 139 1368 1199 1467; baseline 0.006 -31"><span class='ocrx_word' id='word_1_45' title='bbox 139 1368 315 1436; x_wconf 71' lang='lat' dir='ltr'>oandmum</span> <span class='ocrx_word' id='word_1_46' title='bbox 348 1371 440 1454; x_wconf 86' lang='lat' dir='ltr'>copia</span> <span class='ocrx_word' id='word_1_47' title='bbox 467 1370 559 1438; x_wconf 89' lang='lat' dir='ltr'>nobis</span> <span class='ocrx_word' id='word_1_48' title='bbox 588 1370 771 1467; x_wconf 81' lang='lat' dir='ltr'>praebetur.</span> <span class='ocrx_word' id='word_1_49' title='bbox 816 1371 945 1439; x_wconf 85' lang='lat' dir='ltr'>Hocin</span> <span class='ocrx_word' id='word_1_50' title='bbox 972 1371 1055 1444; x_wconf 88' lang='lat' dir='ltr'>libro</span> <span class='ocrx_word' id='word_1_51' title='bbox 1082 1393 1122 1440; x_wconf 87' lang='lat' dir='ltr'>ex</span> <span class='ocrx_word' id='word_1_52' title='bbox 1141 1373 1199 1442; x_wconf 82' lang='lat' dir='ltr'>illa</span> 
     </span>
     <span class='ocr_line' id='line_1_9' title="bbox 138 1487 1199 1576; baseline 0.008 -23"><span class='ocrx_word' id='word_1_53' title='bbox 138 1487 178 1554; x_wconf 91' lang='lat' dir='ltr'>de</span> <span class='ocrx_word' id='word_1_54' title='bbox 207 1508 272 1571; x_wconf 88' lang='lat' dir='ltr'>qua</span> <span class='ocrx_word' id='word_1_55' title='bbox 306 1489 489 1572; x_wconf 75' lang='lat' dir='ltr'>quaerimus</span> <span class='ocrx_word' id='word_1_56' title='bbox 516 1493 642 1573; x_wconf 86' lang='lat' dir='ltr'>aetate,</span> <span class='ocrx_word' id='word_1_57' title='bbox 678 1490 791 1574; x_wconf 80' lang='lat' dir='ltr'>primis</span> <span class='ocrx_word' id='word_1_58' title='bbox 825 1491 929 1558; x_wconf 77' lang='lat' dir='ltr'><strong>nostri</strong></span> <span class='ocrx_word' id='word_1_59' title='bbox 957 1491 1028 1558; x_wconf 86' lang='lat' dir='ltr'>aeri</span> <span class='ocrx_word' id='word_1_60' title='bbox 1055 1492 1199 1576; x_wconf 61' lang='lat' dir='ltr'>saeculis</span> 
     </span>
     <span class='ocr_line' id='line_1_10' title="bbox 137 1598 1199 1696; baseline -0.002 -17"><span class='ocrx_word' id='word_1_61' title='bbox 137 1607 278 1679; x_wconf 65' lang='lat' dir='ltr'>virorum</span> <span class='ocrx_word' id='word_1_62' title='bbox 312 1609 497 1691; x_wconf 92' lang='lat' dir='ltr'>doctorum,</span> <span class='ocrx_word' id='word_1_63' title='bbox 534 1610 590 1692; x_wconf 90' lang='lat' dir='ltr'>qui</span> <span class='ocrx_word' id='word_1_64' title='bbox 622 1609 663 1675; x_wconf 92' lang='lat' dir='ltr'>de</span> <span class='ocrx_word' id='word_1_65' title='bbox 697 1598 795 1676; x_wconf 85' lang='lat' dir='ltr'>rebus</span> <span class='ocrx_word' id='word_1_66' title='bbox 822 1610 959 1694; x_wconf 80' lang='lat' dir='ltr'>publicis</span> <span class='ocrx_word' id='word_1_67' title='bbox 993 1613 1199 1696; x_wconf 83' lang='lat' dir='ltr'>scripserunt,</span> 
     </span>
     <span class='ocr_line' id='line_1_11' title="bbox 138 1727 1201 1815; baseline 0.008 -21"><span class='ocrx_word' id='word_1_68' title='bbox 138 1727 655 1813; x_wconf 84' lang='lat' dir='ltr'>opinionessententiasqucquasi</span> <span class='ocrx_word' id='word_1_69' title='bbox 677 1736 880 1797; x_wconf 80' lang='lat' dir='ltr'>coacervatos</span> <span class='ocrx_word' id='word_1_70' title='bbox 901 1732 1087 1815; x_wconf 90' lang='lat' dir='ltr'>reperimus.</span> <span class='ocrx_word' id='word_1_71' title='bbox 1129 1731 1201 1802; x_wconf 85' lang='lat' dir='ltr'>Illic</span> 
     </span>
     <span class='ocr_line' id='line_1_12' title="bbox 139 1847 1201 1944; baseline 0.002 -30"><span class='ocrx_word' id='word_1_72' title='bbox 139 1847 288 1931; x_wconf 80' lang='lat' dir='ltr'>Ulpiani,</span> <span class='ocrx_word' id='word_1_73' title='bbox 314 1848 425 1931; x_wconf 90' lang='lat' dir='ltr'>Pauli,</span> <span class='ocrx_word' id='word_1_74' title='bbox 455 1848 544 1931; x_wconf 85' lang='lat' dir='ltr'>Gaii,</span> <span class='ocrx_word' id='word_1_75' title='bbox 577 1853 755 1916; x_wconf 86' lang='lat' dir='ltr'>ceterorum</span> <span class='ocrx_word' id='word_1_76' title='bbox 785 1849 870 1916; x_wconf 89' lang='lat' dir='ltr'>illius</span> <span class='ocrx_word' id='word_1_77' title='bbox 897 1849 1201 1944; x_wconf 67' lang='lat' dir='ltr'>notans-doctorum</span> 
     </span>
     <span class='ocr_line' id='line_1_13' title="bbox 139 1953 1201 2054; baseline 0.005 -22"><span class='ocrx_word' id='word_1_78' title='bbox 139 1953 321 2051; x_wconf 81' lang='lat' dir='ltr'>fragmenta</span> <span class='ocrx_word' id='word_1_79' title='bbox 351 1970 474 2053; x_wconf 88' lang='lat' dir='ltr'>copiam</span> <span class='ocrx_word' id='word_1_80' title='bbox 502 1968 658 2054; x_wconf 81' lang='lat' dir='ltr'><strong>praebent</strong></span> <span class='ocrx_word' id='word_1_81' title='bbox 689 1969 886 2052; x_wconf 77' lang='lat' dir='ltr'>disquirendi</span> <span class='ocrx_word' id='word_1_82' title='bbox 916 1969 1201 2045; x_wconf 64' lang='lat' dir='ltr'>dejRomanorum</span> 
     </span>
     <span class='ocr_line' id='line_1_14' title="bbox 141 2088 1202 2176; baseline 0 -20"><span class='ocrx_word' id='word_1_83' title='bbox 141 2091 305 2176; x_wconf 79' lang='lat' dir='ltr'>principiis</span> <span class='ocrx_word' id='word_1_84' title='bbox 327 2090 553 2171; x_wconf 89' lang='lat' dir='ltr'>oeconomicis,</span> <span class='ocrx_word' id='word_1_85' title='bbox 576 2089 655 2175; x_wconf 92' lang='lat' dir='ltr'>quin</span> <span class='ocrx_word' id='word_1_86' title='bbox 677 2090 776 2156; x_wconf 90' lang='lat' dir='ltr'>etiam</span> <span class='ocrx_word' id='word_1_87' title='bbox 791 2088 1092 2172; x_wconf 83' lang='lat' dir='ltr'>praeterGiceronis</span> <span class='ocrx_word' id='word_1_88' title='bbox 1103 2088 1202 2156; x_wconf 81' lang='lat' dir='ltr'>libros</span> 
     </span>
     <span class='ocr_line' id='line_1_15' title="bbox 141 2206 1202 2294; baseline -0.002 -17"><span class='ocrx_word' id='word_1_89' title='bbox 141 2211 198 2277; x_wconf 86' lang='lat' dir='ltr'>illo</span> <span class='ocrx_word' id='word_1_90' title='bbox 228 2211 409 2294; x_wconf 79' lang='lat' dir='ltr'>fragmenta</span> <span class='ocrx_word' id='word_1_91' title='bbox 435 2210 564 2277; x_wconf 90' lang='lat' dir='ltr'>unicum</span> <span class='ocrx_word' id='word_1_92' title='bbox 592 2230 692 2293; x_wconf 82' lang='lat' dir='ltr'>prope</span> <span class='ocrx_word' id='word_1_93' title='bbox 721 2213 756 2274; x_wconf 90' lang='lat' dir='ltr'>et</span> <span class='ocrx_word' id='word_1_94' title='bbox 784 2209 941 2292; x_wconf 87' lang='lat' dir='ltr'>optimum</span> <span class='ocrx_word' id='word_1_95' title='bbox 961 2206 1119 2291; x_wconf 86' lang='lat' dir='ltr'>praebent</span> <span class='ocrx_word' id='word_1_96' title='bbox 1138 2208 1202 2275; x_wconf 90' lang='lat' dir='ltr'>dis·</span> 
     </span>
     <span class='ocr_line' id='line_1_16' title="bbox 142 2318 1204 2415; baseline -0.002 -19"><span class='ocrx_word' id='word_1_97' title='bbox 142 2329 329 2415; x_wconf 85' lang='lat' dir='ltr'>quisitionis</span> <span class='ocrx_word' id='word_1_98' title='bbox 343 2329 604 2412; x_wconf 88' lang='lat' dir='ltr'>fundamentum,</span> <span class='ocrx_word' id='word_1_99' title='bbox 627 2349 700 2395; x_wconf 88' lang='lat' dir='ltr'>cum</span> <span class='ocrx_word' id='word_1_100' title='bbox 721 2329 773 2394; x_wconf 84' lang='lat' dir='ltr'>vir</span> <span class='ocrx_word' id='word_1_101' title='bbox 796 2331 907 2394; x_wconf 71' lang='lat' dir='ltr'>extem</span> <span class='ocrx_word' id='word_1_102' title='bbox 926 2318 1008 2396; x_wconf 76' lang='lat' dir='ltr'>aliae</span> <span class='ocrx_word' id='word_1_103' title='bbox 1027 2325 1140 2396; x_wconf 88' lang='lat' dir='ltr'>literae</span> <span class='ocrx_word' id='word_1_104' title='bbox 1161 2326 1204 2394; x_wconf 87' lang='lat' dir='ltr'>ad</span> 
     </span>
     <span class='ocr_line' id='line_1_17' title="bbox 142 2448 633 2534; baseline -0.008 -16"><span class='ocrx_word' id='word_1_105' title='bbox 142 2454 290 2518; x_wconf 83' lang='lat' dir='ltr'>nostrum</span> <span class='ocrx_word' id='word_1_106' title='bbox 309 2450 507 2534; x_wconf 89' lang='lat' dir='ltr'>propositum</span> <span class='ocrx_word' id='word_1_107' title='bbox 529 2448 633 2515; x_wconf 86' lang='lat' dir='ltr'>utiles.</span> 
     </span>
    </p>

    <p class='ocr_par' dir='ltr' id='par_1_6' title="bbox 143 2564 1280 3013">
     <span class='ocr_line' id='line_1_18' title="bbox 220 2564 1280 2655; baseline -0.002 -19"><span class='ocrx_word' id='word_1_108' title='bbox 220 2571 301 2638; x_wconf 81' lang='lat' dir='ltr'>¹Ideo</span> <span class='ocrx_word' id='word_1_109' title='bbox 332 2570 510 2655; x_wconf 80' lang='lat' dir='ltr'>complures</span> <span class='ocrx_word' id='word_1_110' title='bbox 535 2569 640 2640; x_wconf 85' lang='lat' dir='ltr'>¹nostri</span> <span class='ocrx_word' id='word_1_111' title='bbox 670 2569 824 2653; x_wconf 89' lang='lat' dir='ltr'>temporis</span> <span class='ocrx_word' id='word_1_112' title='bbox 850 2568 1023 2653; x_wconf 76' lang='lat' dir='ltr'>scriptores</span> <span class='ocrx_word' id='word_1_113' title='bbox 1050 2573 1125 2635; x_wconf 88' lang='lat' dir='ltr'>ete</span> <span class='ocrx_word' id='word_1_114' title='bbox 1152 2567 1203 2634; x_wconf 84' lang='lat' dir='ltr'>ci·</span> <span class='ocrx_word' id='word_1_115' title='bbox 1276 2564 1280 2572; x_wconf 85' lang='grc'><strong>’</strong></span> 
     </span>
     <span class='ocr_line' id='line_1_19' title="bbox 143 2688 1204 2773; baseline -0.006 -16"><span class='ocrx_word' id='word_1_116' title='bbox 143 2691 270 2758; x_wconf 86' lang='lat' dir='ltr'>neronis</span> <span class='ocrx_word' id='word_1_117' title='bbox 290 2690 381 2756; x_wconf 87' lang='lat' dir='ltr'>libris</span> <span class='ocrx_word' id='word_1_118' title='bbox 401 2695 435 2757; x_wconf 90' lang='lat' dir='ltr'>et</span> <span class='ocrx_word' id='word_1_119' title='bbox 456 2711 474 2756; x_wconf 94' lang='lat' dir='ltr'>e</span> <span class='ocrx_word' id='word_1_120' title='bbox 497 2689 637 2773; x_wconf 77' lang='lat' dir='ltr'>Corpore</span> <span class='ocrx_word' id='word_1_121' title='bbox 655 2689 736 2772; x_wconf 88' lang='lat' dir='ltr'>juris</span> <span class='ocrx_word' id='word_1_122' title='bbox 758 2688 857 2754; x_wconf 86' lang='lat' dir='ltr'>civilis</span> <span class='ocrx_word' id='word_1_123' title='bbox 877 2689 1095 2756; x_wconf 84' lang='lat' dir='ltr'>Romanorum</span> <span class='ocrx_word' id='word_1_124' title='bbox 1116 2688 1204 2772; x_wconf 82' lang='lat' dir='ltr'>prin·</span> 
     </span>
     <span class='ocr_line' id='line_1_20' title="bbox 145 2806 1199 2896; baseline -0.006 -20"><span class='ocrx_word' id='word_1_125' title='bbox 145 2811 230 2896; x_wconf 82' lang='lat' dir='ltr'>cipis</span> <span class='ocrx_word' id='word_1_126' title='bbox 250 2809 451 2880; x_wconf 87' lang='lat' dir='ltr'>oeconomica</span> <span class='ocrx_word' id='word_1_127' title='bbox 472 2808 620 2891; x_wconf 84' lang='lat' dir='ltr'>colligere</span> <span class='ocrx_word' id='word_1_128' title='bbox 641 2813 675 2874; x_wconf 88' lang='lat' dir='ltr'>et</span> <span class='ocrx_word' id='word_1_129' title='bbox 696 2806 1018 2875; x_wconf 82' lang='lat' dir='ltr'>&#39;commentationibus</span> <span class='ocrx_word' id='word_1_130' title='bbox 1033 2811 1110 2872; x_wconf 83' lang='lat' dir='ltr'>ante</span> <span class='ocrx_word' id='word_1_131' title='bbox 1125 2819 1199 2871; x_wconf 89' lang='lat' dir='ltr'>ocn-</span> 
     </span>
     <span class='ocr_line' id='line_1_21' title="bbox 145 2927 720 3013; baseline -0.011 -15"><span class='ocrx_word' id='word_1_132' title='bbox 145 2930 197 2998; x_wconf 89' lang='lat' dir='ltr'>los</span> <span class='ocrx_word' id='word_1_133' title='bbox 215 2934 342 2996; x_wconf 84' lang='lat' dir='ltr'>nostros</span> <span class='ocrx_word' id='word_1_134' title='bbox 363 2947 482 3013; x_wconf 89' lang='lat' dir='ltr'>ponere</span> <span class='ocrx_word' id='word_1_135' title='bbox 507 2927 614 2994; x_wconf 87' lang='lat' dir='ltr'>conati</span> <span class='ocrx_word' id='word_1_136' title='bbox 635 2932 720 2994; x_wconf 85' lang='lat' dir='ltr'>suut.</span> 
     </span>
    </p>

    <p class='ocr_par' dir='ltr' id='par_1_7' title="bbox 145 3044 1209 4091">
     <span class='ocr_line' id='line_1_22' title="bbox 182 3044 1205 3133; baseline -0.002 -18.899"><span class='ocrx_word' id='word_1_137' title='bbox 182 3047 312 3114; x_wconf 84' lang='lat' dir='ltr'>·Ourn</span> <span class='ocrx_word' id='word_1_138' title='bbox 341 3047 488 3133; x_wconf 89' lang='lat' dir='ltr'>quidem</span> <span class='ocrx_word' id='word_1_139' title='bbox 503 3047 551 3112; x_wconf 82' lang='lat' dir='ltr'>uir</span> <span class='ocrx_word' id='word_1_140' title='bbox 579 3045 772 3112; x_wconf 85' lang='lat' dir='ltr'>clarissimus</span> <span class='ocrx_word' id='word_1_141' title='bbox 802 3046 833 3112; x_wconf 86' lang='lat' dir='ltr'>J.</span> <span class='ocrx_word' id='word_1_142' title='bbox 856 3045 893 3112; x_wconf 89' lang='lat' dir='ltr'>B</span> <span class='ocrx_word' id='word_1_143' title='bbox 914 3045 978 3131; x_wconf 75' lang='lat' dir='ltr'>Sap</span> <span class='ocrx_word' id='word_1_144' title='bbox 1007 3049 1042 3112; x_wconf 88' lang='lat' dir='ltr'>et</span> <span class='ocrx_word' id='word_1_145' title='bbox 1069 3044 1124 3111; x_wconf 82' lang='lat' dir='ltr'>ulii</span> <span class='ocrx_word' id='word_1_146' title='bbox 1145 3045 1205 3111; x_wconf 83' lang='lat' dir='ltr'>viri</span> 
     </span>
     <span class='ocr_line' id='line_1_23' title="bbox 145 3166 1207 3250; baseline -0.003 -14"><span class='ocrx_word' id='word_1_147' title='bbox 145 3169 232 3236; x_wconf 83' lang='lat' dir='ltr'>docti</span> <span class='ocrx_word' id='word_1_148' title='bbox 264 3168 509 3249; x_wconf 88' lang='lat' dir='ltr'>contenderent,</span> <span class='ocrx_word' id='word_1_149' title='bbox 548 3166 653 3232; x_wconf 82' lang='lat' dir='ltr'>nullos</span> <span class='ocrx_word' id='word_1_150' title='bbox 692 3167 779 3250; x_wconf 89' lang='lat' dir='ltr'>apud</span> <span class='ocrx_word' id='word_1_151' title='bbox 811 3167 971 3233; x_wconf 88' lang='lat' dir='ltr'>Romanos</span> <span class='ocrx_word' id='word_1_152' title='bbox 1004 3166 1207 3233; x_wconf 83' lang='lat' dir='ltr'>oeconomiae</span> 
     </span>
     <span class='ocr_line' id='line_1_24' title="bbox 146 3285 1206 3374; baseline 0 -19"><span class='ocrx_word' id='word_1_153' title='bbox 146 3289 296 3374; x_wconf 78' lang='lat' dir='ltr'>politicae</span> <span class='ocrx_word' id='word_1_154' title='bbox 320 3288 465 3357; x_wconf 87' lang='lat' dir='ltr'>notiones</span> <span class='ocrx_word' id='word_1_155' title='bbox 485 3287 688 3369; x_wconf 47' lang='lat' dir='ltr'>inveniret.</span> <span class='ocrx_word' id='word_1_156' title='bbox 712 3287 750 3353; x_wconf 83' lang='lat' dir='ltr'>G.</span> <span class='ocrx_word' id='word_1_157' title='bbox 773 3286 938 3371; x_wconf 82' lang='lat' dir='ltr'>Tydeman</span> <span class='ocrx_word' id='word_1_158' title='bbox 967 3287 1002 3351; x_wconf 92' lang='lat' dir='ltr'>in</span> <span class='ocrx_word' id='word_1_159' title='bbox 1032 3285 1206 3371; x_wconf 70' lang='lat' dir='ltr'>‚proquo-</span> 
     </span>
     <span class='ocr_line' id='line_1_25' title="bbox 146 3377 1207 3491; baseline -0.003 -16"><span class='ocrx_word' id='word_1_160' title='bbox 146 3410 238 3476; x_wconf 86' lang='lat' dir='ltr'>tione</span> <span class='ocrx_word' id='word_1_161' title='bbox 255 3409 295 3474; x_wconf 90' lang='lat' dir='ltr'>de</span> <span class='ocrx_word' id='word_1_162' title='bbox 317 3407 520 3475; x_wconf 88' lang='lat' dir='ltr'>oeconomiae</span> <span class='ocrx_word' id='word_1_163' title='bbox 541 3407 688 3491; x_wconf 77' lang='lat' dir='ltr'>politicae</span> <span class='ocrx_word' id='word_1_164' title='bbox 709 3405 893 3472; x_wconf 87' lang='lat' dir='ltr'>notionibus</span> <span class='ocrx_word' id='word_1_165' title='bbox 913 3406 947 3470; x_wconf 92' lang='lat' dir='ltr'>in</span> <span class='ocrx_word' id='word_1_166' title='bbox 964 3404 1104 3490; x_wconf 80' lang='lat' dir='ltr'>Corpore</span> <span class='ocrx_word' id='word_1_167' title='bbox 1125 3377 1207 3491; x_wconf 82' lang='lat' dir='ltr'>jluis</span> 
     </span>
     <span class='ocr_line' id='line_1_26' title="bbox 145 3524 1207 3620; baseline -0.004 -24"><span class='ocrx_word' id='word_1_168' title='bbox 145 3529 248 3596; x_wconf 86' lang='lat' dir='ltr'>civilis</span> <span class='ocrx_word' id='word_1_169' title='bbox 277 3529 480 3596; x_wconf 78' lang='lat' dir='ltr'>iustinianei.</span> <span class='ocrx_word' id='word_1_170' title='bbox 525 3527 674 3620; x_wconf 78' lang='lat' dir='ltr'>Lugduni</span> <span class='ocrx_word' id='word_1_171' title='bbox 701 3527 896 3593; x_wconf 79' lang='lat' dir='ltr'>Batauorum</span> <span class='ocrx_word' id='word_1_172' title='bbox 935 3529 1036 3592; x_wconf 81' lang='lat'>1838“</span> <span class='ocrx_word' id='word_1_173' title='bbox 1070 3524 1207 3610; x_wconf 83' lang='lat' dir='ltr'>probare</span> 
     </span>
     <span class='ocr_line' id='line_1_27' title="bbox 148 3645 1206 3732; baseline -0.002 -17"><span class='ocrx_word' id='word_1_174' title='bbox 148 3648 288 3729; x_wconf 78' lang='lat' dir='ltr'>studuit,</span> <span class='ocrx_word' id='word_1_175' title='bbox 320 3668 429 3715; x_wconf 89' lang='lat' dir='ltr'>omues</span> <span class='ocrx_word' id='word_1_176' title='bbox 459 3647 527 3714; x_wconf 87' lang='lat' dir='ltr'>fero</span> <span class='ocrx_word' id='word_1_177' title='bbox 548 3645 663 3732; x_wconf 91' lang='lat' dir='ltr'>quibus</span> <span class='ocrx_word' id='word_1_178' title='bbox 684 3645 781 3712; x_wconf 88' lang='lat' dir='ltr'>hodie</span> <span class='ocrx_word' id='word_1_179' title='bbox 798 3650 930 3711; x_wconf 90' lang='lat' dir='ltr'>utamur</span> <span class='ocrx_word' id='word_1_180' title='bbox 951 3645 1097 3711; x_wconf 89' lang='lat' dir='ltr'>notiones</span> <span class='ocrx_word' id='word_1_181' title='bbox 1115 3663 1206 3713; x_wconf 87' lang='lat' dir='ltr'>ceco.-</span> 
     </span>
     <span class='ocr_line' id='line_1_28' title="bbox 149 3763 1208 3848; baseline -0.008 -10"><span class='ocrx_word' id='word_1_182' title='bbox 149 3768 292 3838; x_wconf 84' lang='lat' dir='ltr'>nomioas</span> <span class='ocrx_word' id='word_1_183' title='bbox 314 3773 407 3834; x_wconf 87' lang='lat' dir='ltr'>notas</span> <span class='ocrx_word' id='word_1_184' title='bbox 428 3767 526 3834; x_wconf 86' lang='lat' dir='ltr'>fuisse</span> <span class='ocrx_word' id='word_1_185' title='bbox 548 3766 708 3832; x_wconf 88' lang='lat' dir='ltr'>Romanis.</span> <span class='ocrx_word' id='word_1_186' title='bbox 730 3795 734 3802; x_wconf 90' lang='lat'>·</span> <span class='ocrx_word' id='word_1_187' title='bbox 752 3765 799 3831; x_wconf 92' lang='lat' dir='ltr'>Ut</span> <span class='ocrx_word' id='word_1_188' title='bbox 819 3785 860 3830; x_wconf 80' lang='lat' dir='ltr'>ex</span> <span class='ocrx_word' id='word_1_189' title='bbox 879 3765 948 3848; x_wconf 91' lang='lat' dir='ltr'>ipso</span> <span class='ocrx_word' id='word_1_190' title='bbox 968 3764 1107 3848; x_wconf 80' lang='lat' dir='ltr'>Corpore</span> <span class='ocrx_word' id='word_1_191' title='bbox 1125 3763 1208 3848; x_wconf 87' lang='lat' dir='ltr'>juris</span> 
     </span>
     <span class='ocr_line' id='line_1_29' title="bbox 149 3883 1209 3972; baseline -0.008 -17"><span class='ocrx_word' id='word_1_192' title='bbox 149 3887 249 3954; x_wconf 85' lang='lat' dir='ltr'>civilis</span> <span class='ocrx_word' id='word_1_193' title='bbox 268 3886 497 3972; x_wconf 88' lang='lat' dir='ltr'>disquisitionis</span> <span class='ocrx_word' id='word_1_194' title='bbox 517 3885 686 3954; x_wconf 82' lang='lat' dir='ltr'>materiam</span> <span class='ocrx_word' id='word_1_195' title='bbox 708 3888 864 3964; x_wconf 82' lang='lat' dir='ltr'>sumeret,</span> <span class='ocrx_word' id='word_1_196' title='bbox 894 3903 959 3950; x_wconf 90' lang='lat' dir='ltr'>nou</span> <span class='ocrx_word' id='word_1_197' title='bbox 988 3903 1026 3949; x_wconf 87' lang='lat' dir='ltr'>eo</span> <span class='ocrx_word' id='word_1_198' title='bbox 1052 3883 1209 3966; x_wconf 81' lang='lat' dir='ltr'>adductus</span> 
     </span>
     <span class='ocr_line' id='line_1_30' title="bbox 151 4001 1209 4091; baseline -0.009 -13"><span class='ocrx_word' id='word_1_199' title='bbox 151 4012 216 4090; x_wconf 85' lang='lat' dir='ltr'>cst,</span> <span class='ocrx_word' id='word_1_200' title='bbox 244 4007 328 4091; x_wconf 93' lang='lat' dir='ltr'>quod</span> <span class='ocrx_word' id='word_1_201' title='bbox 349 4006 440 4072; x_wconf 88' lang='lat' dir='ltr'>illum</span> <span class='ocrx_word' id='word_1_202' title='bbox 460 4005 579 4073; x_wconf 88' lang='lat' dir='ltr'>librum</span> <span class='ocrx_word' id='word_1_203' title='bbox 607 4003 853 4072; x_wconf 78' lang='lat' dir='ltr'>fundamentum</span> <span class='ocrx_word' id='word_1_204' title='bbox 881 4001 1107 4085; x_wconf 80' lang='lat' dir='ltr'>disquisitionis</span> <span class='ocrx_word' id='word_1_205' title='bbox 1126 4003 1209 4087; x_wconf 87' lang='lat' dir='ltr'>opti-</span> 
     </span>
    </p>
   </div>
   <div class='ocr_carea' id='block_1_5' title="bbox 0 0 1451 4884">
    <p class='ocr_par' dir='ltr' id='par_1_8' title="bbox 0 0 1451 4884">
     <span class='ocr_line' id='line_1_31' title="bbox 0 0 1451 4884; baseline 0 0"><span class='ocrx_word' id='word_1_206' title='bbox 0 0 1451 4884; x_wconf 95' lang='lat' dir='ltr'> </span> 
     </span>
    </p>
   </div>
  </div>
 </body>
</html>
